3038 5204
563 489 733 553 ..91-

138 666 300 759 Supplicia
318 666 479 756 expendit.
500 667 610 738 Scelus
628 689 726 737 omne
745 669 885 737 exuritur
904 669 983 756 igni.

225 790 345 884 Discite
363 815 516 904 justitiam
534 817 662 902 moniti,
682 835 713 886 et
731 838 798 885 non
816 834 959 885 temnere
978 813 1068 885 divos
1089 838 1097 882 :

137 954 177 1022 Et
194 945 316 1042 sperate
334 952 422 1022 Deos
441 977 599 1025 memores
618 955 704 1025 fandi
723 975 817 1047 atque
836 953 964 1025 nefandi
987 979 994 1022 :

136 1092 202 1161 Aut
219 1090 348 1161 tandem
366 1085 462 1163 siinili
480 1117 577 1186 poena
597 1096 769 1165 commissa
787 1093 892 1164 luetis.

400 1567 608 1641 ALEATOR
631 1570 890 1641 DESPERANS.

246 1816 248 1820 .
289 1777 387 1822 Lusom
407 1777 511 1822 cumpo
530 1779 632 1823 saltatu
650 1778 752 1823 GRAVIS
771 1778 869 1822 uxr'tus
888 1778 998 1825 Instat.

135 1961 371 2033 Alco-fortunae
389 1961 506 2033 dubios
524 1960 670 2054 expertus
689 1963 808 2034 acerbae

136 2100 249 2185 Casus,
271 2103 387 2172 mentis
405 2103 512 2193 inops,
533 2126 689 2189 moerens,
711 2105 808 2175 iratus
826 2102 953 2176 oberrat
974 2128 981 2171 :

136 2239 283 2312 Nudatus
300 2241 419 2325 uumis,
443 2263 519 2331 agro
537 2261 713 2333 exutusque
733 2260 880 2333 paterno,

137 2377 216 2458 Quo
234 2402 303 2448 sese
322 2398 434 2464 vertat,
456 2402 519 2470 qua
537 2381 658 2451 victum
678 2382 823 2472 quaeritet
841 2402 907 2453 arte

137 2517 245 2588 Haeret
265 2540 274 2587 ε
294 2511 439 2608 desperat
460 2541 468 2587 :
489 2518 631 2605 Dirisse
652 2518 816 2591 devovet:
837 2519 898 2589 illae

137 2654 240 2725 Finiat
257 2673 293 2726 ut
309 2654 409 2725 vitam
431 2654 560 2747 laqueo,
580 2676 795 2748 mortemque,
816 2657 974 2728 malorum

139 2794 337 2882 Extremum,
359 2795 528 2866 hortantur
546 2793 656 2886 rapido
675 2795 775 2866 semel
792 2814 921 2888 oppetat
941 2818 1017 2868 ausu
1041 2820 1048 2864 :

138 2935 202 3004 Aut
220 2932 349 3004 vivendi
368 2933 451 3005 ultra
470 2935 510 3004 sit
529 2934 558 3003 ei
578 2934 605 3003 si
623 2933 704 3004 forte
722 2934 851 3025 cupido,
922 2947 927 2954 '

137 3072 286 3143 Militiam
305 3072 482 3164 intrepidus
501 3071 609 3143 divam
624 3092 772 3174 sectetur,
793 3093 825 3144 et
843 3096 934 3164 agros

18 3213 22 3216 ’
137 3210 303 3283 Grassator
323 3231 437 3298 vastet,
458 3212 691 3304 populeturque
711 3212 820 3282 omnia
837 3214 912 3283 ruri.

37 3405 39 3409 ‚
137 3349 238 3421 Pravo
255 3350 404 3421 Ditarum
424 3373 517 3420 suasu
537 3350 700 3421 seducitur
718 3373 830 3420 amens
851 3375 859 3421 ε

137 3488 216 3560 Mox
233 3489 349 3579 praedac
368 3490 528 3559 intentum
547 3487 785 3580 latrociniisque
803 3510 979 3582 strategum
1062 3567 1065 3572 ,

136 3623 262 3699 Invenit
283 3653 291 3698 :
313 3628 446 3698 immani
464 3651 498 3698 se
518 3648 745 3720 consecratque
765 3630 890 3701 cohorti
912 3656 919 3699 ε

43 3857 44 3860 ¹
137 3755 302 3858 Agricolas
319 3770 364 3854 vi,
385 3767 505 3852 fraude,
527 3769 624 3837 minis
647 3767 783 3858 spoliare
801 3773 911 3860 parati,
959 3822 964 3831 .

137 3904 294 3977 Invadunt
313 3908 429 3998 paritet
445 3908 547 3996 jurato
566 3904 688 3977 foedere
707 3906 795 3976 villas
816 3931 824 3974 ε

138 4042 207 4115 Nec
225 4063 351 4116 tantum
368 4043 459 4115 villas
478 4063 510 4114 et
528 4066 622 4133 parva
639 4043 774 4135 mapalia
793 4039 934 4127 nudaut3

137 4184 215 4252 Aras
234 4181 387 4275 diripiunt
405 4181 559 4267 scelerati,
579 4202 610 4253 et
626 4208 712 4253 sacra
730 4183 910 4274 profanant.
