3038 5204
665 591 708 603 -
732 557 770 642 63
798 591 840 603 -
1200 641 1202 644 ,

328 760 428 831 Pedes
448 761 582 848 priores,
601 778 636 827 ut
654 780 781 840 manus,
802 773 967 845 promptos
987 752 1102 824 habet:

417 898 556 987 Imponit
574 895 624 965 his
643 897 692 965 ori
711 895 830 965 cibum.
868 948 870 952 .

329 1038 429 1106 Poma
447 1055 478 1106 et
497 1058 594 1104 nuces
614 1033 785 1125 dulcesque
800 1032 919 1103 fructus
937 1031 1083 1102 arborum

418 1172 579 1265 Roditque
599 1170 727 1263 editque
745 1170 929 1263 perlubens.

328 1314 434 1405 Atque
456 1312 531 1382 hinc
550 1311 586 1382 fit
604 1300 640 1381 ut
658 1334 732 1381 caro
750 1313 846 1381 sciuri
864 1308 986 1380 dulcior

418 1448 513 1520 Haedi
531 1451 572 1520 sit
590 1469 621 1520 et
639 1449 806 1520 salubrior.

472 1674 670 1745 leunauuou
692 1674 759 1744 sive
781 1673 857 1742 Mus
878 1672 1022 1744 Inurcus.

329 1898 404 1968 Mus
422 1897 547 1968 indicus
566 1898 725 1989 plerisque
744 1894 941 1968 ichneumon
958 1895 1094 1969 dicitur:

336 2108 339 2113 ,
416 2035 530 2106 Forma
548 2032 679 2125 quidem
696 2057 822 2104 murem
840 2058 907 2121 sua,

278 2248 282 2254 ,
329 2171 500 2263 Pelemque
519 2172 728 2243 mustelamve
749 2169 983 2263 magnitudine,

417 2312 483 2381 Aut
501 2308 632 2381 ictidem
651 2310 813 2400 inprimis
832 2308 938 2379 refert.

329 2448 421 2518 Hanc
440 2447 507 2518 sola
524 2446 585 2518 fert
602 2448 770 2538 AEgyptus,
791 2467 827 2518 ut
844 2446 929 2517 fama
947 2465 1005 2532 est,
1026 2445 1138 2530 feram,

410 2585 484 2670 ‘Nili
502 2607 601 2676 prope
619 2582 721 2654 undas
738 2584 893 2654 fluminis.

325 2723 429 2795 Instar
447 2725 512 2829 suis
530 2723 612 2814 pilos
631 2722 726 2793 habet
744 2721 830 2793 dorsi
848 2745 987 2814 asperos,

416 2861 596 2953 Horretque
615 2863 690 2931 setis
709 2859 865 2951 hispidus.

328 2998 437 3071 Cauda
455 2999 597 3091 aspidem
616 2998 717 3069 diram
728 2997 937 3088 apprehendit
954 2997 1128 3084 mordicus,

413 3136 584 3208 Undosum
602 3139 636 3205 in
656 3159 785 3206 amnem
802 3137 966 3227 pertrahit.

327 3273 535 3346 crocodilum
554 3273 644 3343 humi
664 3293 797 3344 stratum
825 3294 919 3366 atque
945 3273 1159 3346 dormientem
1178 3271 1255 3359 adit,

501 3414 621 3484 Fauces
638 3412 756 3483 hiantis
772 3412 892 3484 involat
912 3439 920 3482 ε

326 3554 386 3623 Per
402 3570 511 3644 guttur
530 3550 672 3643 amplum
690 3575 766 3621 mox
784 3554 816 3621 in
834 3552 941 3623 alvum
958 3551 1083 3624 labitur.

502 3691 581 3761 Exta
598 3710 694 3781 atque
712 3692 833 3760 viscera
852 3688 980 3777 eredit.¹

325 3806 474 3898 Tandem
492 3810 565 3899 cibo
583 3849 690 3918 pastus
712 3849 859 3922 saturque
877 3830 1000 3922 prosilit
1113 3883 1115 3887 -

500 3966 526 4035 Ε
544 3985 654 4036 ventre
672 3969 807 4053 inanit0‚
828 3967 923 4037 foras.

327 4101 502 4203 Praemunit
523 4123 630 4172 autem
655 4127 723 4173 sese
746 4127 840 4172 arena
859 4104 910 4174 vel
932 4102 1011 4188 luto,

413 4242 603 4332 Priusquam
621 4242 655 4310 in
673 4241 780 4312 hostes
796 4243 903 4311 irruat.
1018 4252 1023 4262 '
