3038 5204
700 457 875 543 ..33-

276 659 360 727 Hinc
378 657 415 726 fit
433 680 498 748 quo
516 660 621 726 minus
639 660 761 746 impetu
784 654 951 746 prehendi,

275 792 338 864 Sed
355 813 480 865 tantum
497 794 598 865 foveis
615 815 710 885 queat
728 792 860 876 dolosis,

273 933 522 1022 Venantumque
540 933 614 1022 agili
633 956 731 1000 manu
749 934 868 1001 necari.

274 1070 378 1160 Hujus
396 1093 515 1140 cornua
531 1069 627 1161 longa
645 1091 677 1140 et
694 1070 810 1160 ampla,
830 1070 950 1138 mensis

273 1210 355 1278 Potu
374 1211 570 1303 conveniunt
588 1207 701 1278 referta
717 1209 847 1297 opimis.

700 1427 861 1495 Euentus.

271 1600 372 1670 Torvi
390 1599 522 1669 bubalus
541 1622 588 1670 est
608 1600 697 1669 bovis
708 1622 864 1689 propago,

272 1738 404 1806 Crassus
422 1761 566 1827 corpore,
586 1741 734 1828 perniger
751 1737 870 1820 colore,

271 1871 437 1942 Praedurus
455 1893 527 1943 cute
549 1899 556 1940 :
577 1874 681 1942 fronte
699 1874 831 1962 crispus,
854 1894 956 1960 asper,

270 2009 502 2102 Perplexusque
520 2011 591 2100 pilis
611 2036 619 2078 ι
642 2010 729 2079 brevi
748 2007 906 2078 domatur.

269 2148 346 2215 Fixo
365 2146 493 2216 naribus
511 2141 630 2216 annulo
651 2166 787 2217 tenetur.

269 2284 456 2353 Mansuetus
474 2284 596 2374 placide
613 2284 698 2354 subit
715 2285 839 2356 labores
861 2311 868 2353 :

269 2422 350 2489 Nisu
370 2423 546 2490 maximum
565 2445 647 2489 onus
666 2421 760 2492 trahit
781 2424 903 2512 potenti
926 2447 933 2488 ε

268 2557 405 2626 Currum
424 2556 511 2628 ducit
533 2584 540 2626 :
562 2578 638 2640 arat,
660 2559 799 2650 colitque
817 2578 945 2628 terram.

268 2696 317 2764 Fit
335 2693 421 2762 rubri
441 2697 558 2765 intuitu
577 2694 667 2766 ferox
685 2697 800 2766 coloris
822 2722 828 2762 :

267 2833 407 2901 Irritatus
425 2835 572 2904 atrociter
588 2835 704 2904 resistit
725 2861 731 2901 :

268 2970 444 3040 Conculcat
462 2970 543 3061 pede
562 2990 594 3040 et
610 2972 729 3061 ungula
746 2972 779 3041 id
798 2973 885 3063 quod
904 2971 983 3042 odit.

267 3106 394 3175 lnflexis
414 3110 500 3176 enim
519 3127 550 3176 et
568 3104 607 3175 ad
626 3105 810 3175 nocendum
828 3109 944 3195 ineptis

266 3249 392 3316 Frustra
410 3249 558 3316 cornibus
578 3249 734 3335 impetum
753 3248 904 3315 minatur.

266 3387 396 3455 Mactati
414 3409 487 3455 caro
506 3410 564 3455 nec
583 3408 695 3474 sapore
714 3405 813 3475 grata,

265 3525 335 3594 Nec
352 3523 552 3593 vescentibus
572 3543 619 3592 est
636 3521 767 3591 salubris
787 3546 870 3593 esca.

266 3663 346 3731 Diro
365 3683 483 3730 cornua
503 3682 534 3731 et
557 3661 690 3751 ungulas
709 3658 830 3729 mederi

267 3801 412 3890 Spasmo‚
433 3824 506 3869 vera
521 3800 734 3890 frequensque
752 3799 836 3869 fama
853 3800 940 3891 vulgi
960 3820 1020 3870 est.

266 3938 304 4006 Et
322 3937 439 4027 pellem
456 3936 741 4027 impenetrabilem,
767 3939 888 4028 terique

265 4074 342 4143 Non
361 4072 451 4143 valde
469 4073 607 4158 facilem,
628 4098 703 4142 usus
722 4076 790 4162 ipse
809 4094 975 4158 monstrat,

268 4210 343 4288 Qua
359 4235 392 4279 se
411 4212 503 4280 miles
523 4231 553 4280 et
570 4211 674 4281 induit
692 4214 804 4281 viator.
