3038 5204
682 512 881 580 ..10,-

680 693 870 780 Jnuunuus.

265 833 338 921 Jani
359 829 503 901 bifrontis
520 831 624 918 primo
642 852 730 898 nunc
747 828 859 898 ordine
877 831 981 898 mensi

355 969 561 1039 Conveniunt
579 967 694 1057 epulae,
715 967 840 1056 pocula,
862 966 976 1052 abolla,
997 967 1099 1055 focus,

236 1186 242 1197 ,
263 1109 409 1199 Laetique
426 1108 461 1175 in
478 1130 573 1176 scena
592 1129 673 1197 quos
691 1104 820 1175 exhibet
842 1105 955 1175 histrio
972 1104 1039 1174 ludi
1059 1132 1069 1176 ι

236 1342 240 1349 Ι
353 1247 492 1336 Urniger
510 1245 658 1316 hibernas
675 1244 754 1315 dum
772 1246 856 1314 Puer
876 1244 943 1315 edit
961 1269 1071 1337 aquas.

670 1418 882 1486 Funuunuus.

263 1565 333 1645 Qui
351 1564 411 1633 fuit
429 1582 589 1634 extremus
605 1566 723 1633 mensis
742 1562 929 1633 Februarius
946 1565 1037 1648 olim,

352 1702 477 1770 Mutato
495 1705 594 1780 veteri
611 1725 713 1786 more,
736 1702 895 1772 secundus
913 1702 1012 1772 adest.

265 1841 351 1909 Ante
369 1837 479 1907 focum
497 1837 640 1908 residens
659 1863 793 1909 accenso
811 1842 950 1930 pascinu
966 1843 1054 1932 igne,

352 1978 390 2046 Et
407 1978 526 2062 Pisces,
548 1979 634 2047 taciti
655 2000 696 2047 ne
716 1998 864 2062 noceant,
887 1980 1012 2047 metuit.

692 2143 854 2211 Mnurrus.

264 2297 442 2379 Quondam
456 2300 577 2367 mensis
596 2315 662 2366 erat
681 2296 800 2366 velocis
819 2299 954 2366 Martius
972 2297 1048 2364 anni

348 2437 485 2520 Primus,
506 2437 635 2506 tertium
652 2433 748 2503 habet
766 2457 852 2503 nunc
869 2457 954 2504 nova
971 2432 1148 2522 posteritas.

261 2571 417 2658 Collueat,
437 2591 554 2661 putat:
576 2571 686 2642 hortos
704 2591 867 2656 stercorat,
888 2573 1015 2641 instruit
1033 2569 1152 2639 herbis.

345 2711 546 2781 Incrementa
562 2710 658 2780 simul
674 2734 794 2803 aerque
813 2712 968 2801 Ariesque
988 2710 1103 2778 ferunt.

427 2810 429 2815 ⁴
783 2818 795 2841 0

701 2891 841 2958 Arruns.

257 3039 377 3130 Aprilis
395 3042 492 3112 Latiis
513 3042 552 3113 ab
572 3061 682 3134 aperto
699 3063 844 3135 tempore
864 3044 978 3129 dictus,

345 3182 418 3251 Miti
436 3201 468 3252 et
486 3182 646 3254 foecundae
665 3187 720 3276 qui
738 3186 884 3274 proprius
902 3184 1034 3266 Veneri,

255 3319 319 3388 Dat
335 3342 480 3410 gramen,
503 3321 624 3407 flores3
645 3321 765 3412 plantas
785 3344 816 3394 et
835 3325 979 3414 germina
997 3320 1116 3414 profert
1139 3339 1147 3387 :

348 3455 532 3546 Vernatque
551 3458 585 3526 in
606 3457 705 3528 Tauri
728 3459 831 3530 sidere
851 3461 1021 3550 cornigeri.

704 3642 826 3710 Murus.

258 3784 374 3871 Maius,
396 3812 460 3878 quo
477 3810 601 3861 veteres
624 3794 710 3864 soliti
728 3819 816 3864 sacra
834 3794 965 3865 reddere
983 3797 1091 3879 Maiae,

347 3921 451 3994 Cantu
471 3928 578 3997 avium
597 3931 724 4020 gaudet,
745 3932 858 4002 fronde
876 3934 998 4002 virente
1016 3934 1102 4022 viget
1123 3956 1131 3999 :

256 4056 444 4146 Aucupibus
455 4063 593 4152 praebet,
614 4093 677 4158 qua
696 4069 805 4139 fallant
823 4090 979 4161 tempora,
1000 4071 1141 4160 praedam
1162 4093 1171 4136 t

345 4195 432 4267 Leda
451 4207 636 4291 progenitos
654 4207 741 4275 sidus
760 4206 854 4277 habet
872 4209 1041 4277 Geminos.
