3038 5204
691 534 735 548 .-
758 517 797 588 23
824 535 867 550 ..-

704 725 848 781 Potarou.

267 938 445 1030 Ingluviem
464 942 578 1029 jactare
597 958 684 1008 tuam
703 964 744 1008 ne
763 940 854 1010 crede
873 941 1036 1027 decorum,

356 1077 425 1160 Qui
443 1077 542 1147 multa
559 1098 704 1148 ventrem
724 1077 903 1148 colluvione
920 1103 1041 1169 gravas,

266 1215 472 1307 Infundisque
490 1216 736 1309 gulaedcertatim
755 1217 881 1307 pocula,
902 1237 1015 1306 potor3

311 1418 317 1429 .
355 1357 508 1426 Strenuus
527 1354 688 1426 utbibulo
708 1353 903 1449 conspiciare
921 1358 1021 1447 gregi,

265 1497 372 1587 thue
389 1493 517 1564 avidum
534 1513 611 1583 potu
631 1513 751 1563 satures
770 1495 910 1565 fervente
930 1493 1123 1579 barathrum,

349 1634 585 1725 Indulgensque
605 1653 673 1720 tu0,
694 1635 736 1702 sis
756 1632 914 1719 madidus,
935 1637 1044 1725 genic.

266 1773 443 1845 Praedensis
461 1771 637 1856 cerebrum,
657 1771 739 1840 male
756 1794 844 1854 sane,
863 1770 1031 1862 vaporibus
1049 1771 1164 1864 imples
1185 1799 1192 1842 :

291 1992 294 1997 ‚
350 1912 421 2000 Ipse
440 1907 554 1978 adimis
572 1932 714 1992 sensum,
735 1929 878 1979 mentem
897 1912 1105 2001 animumque
1123 1910 1193 1983 tibi.

261 2047 419 2121 Invadunt
436 2066 578 2116 saturum
596 2045 747 2130 tenebrae,
766 2049 901 2137 vertigo,
922 2069 1095 2140 stuporque
1116 2076 1123 2118 :

348 2189 388 2257 Et
405 2186 525 2277 lingua,
548 2205 579 2256 et
597 2184 734 2256 titubant
751 2183 901 2256 ebrietate
920 2186 1030 2276 pedes.

255 2297 433 2416 Designare
452 2323 527 2393 mali
546 2321 672 2415 quidvis
689 2326 874 2393 temerarius
894 2321 1003 2409 audes,

347 2466 436 2534 Dum
450 2469 542 2551 tati0,
563 2465 714 2555 probitas,
736 2485 767 2534 et
786 2485 890 2534 metus
909 2468 1016 2535 omnis
1035 2464 1132 2537 abest.

261 2604 372 2673 Gloria
390 2627 461 2694 quae
480 2601 612 2673 tandem
630 2624 702 2693 post
719 2602 834 2693 pocula
851 2602 935 2692 larga
953 2604 1125 2692 sequetur?

347 2739 432 2820 Quae
449 2742 549 2830 turpis
568 2742 669 2810 victor
686 2743 816 2830 praemia
836 2740 931 2830 digna
945 2740 1053 2809 feres?

257 2879 393 2968 Gurges,
414 2879 515 2963 lurco,
536 2902 635 2968 nepos
654 2903 789 2948 vesanus
808 2878 987 2963 habeberis,
1008 2899 1102 2970 atque

347 3016 493 3086 Cordatis
512 3016 569 3087 fies
587 3016 691 3086 fabula
710 3015 828 3107 ubique
847 3019 935 3087 viris.

257 3152 307 3222 Te
325 3151 439 3237 rabies,
459 3152 567 3237 febris,
586 3172 706 3242 torpor,
729 3157 894 3246 rapietque
915 3156 1075 3247 podagra:

295 3256 329 3354 ‚⁰
344 3286 442 3357 Foede
462 3288 546 3358 oculi
565 3288 667 3378 lippo,
688 3289 758 3359 tabe
778 3290 932 3381 liquente,
954 3292 1066 3361 fluent.

255 3481 404 3569 Denique
421 3479 586 3569 profluviis
606 3488 680 3548 cum
698 3505 767 3549 rem
786 3480 970 3574 prodegeris
989 3507 1139 3569 omnem;

344 3617 446 3700 Quod
464 3618 623 3709 reliquum
641 3641 688 3691 est
706 3624 779 3691 vitae
798 3625 895 3694 tristis
916 3627 1074 3715 inopsque
1095 3625 1211 3696 trahes.
1237 3689 1242 3697 .

702 3859 834 3916 Meuuax.

261 4057 412 4143 Mendax,
432 4061 601 4148 impostor,
623 4079 769 4150 nugator,
792 4059 915 4143 frivole,
937 4060 1040 4144 fallax,

346 4198 385 4266 Et
404 4197 610 4290 confingendi
631 4197 718 4267 mille
737 4199 837 4287 petite
856 4197 961 4267 modis
983 4224 991 4266 ε
