<?xml version="1.0" encoding="UTF-8"?>
<!DOCTYPE html PUBLIC "-//W3C//DTD XHTML 1.0 Transitional//EN"
    "http://www.w3.org/TR/xhtml1/DTD/xhtml1-transitional.dtd">
<html xmlns="http://www.w3.org/1999/xhtml" xml:lang="en" lang="en">
 <head>
  <title>
</title>
<meta http-equiv="Content-Type" content="text/html;charset=utf-8" />
  <meta name='ocr-system' content='tesseract 3.04.00' />
  <meta name='ocr-capabilities' content='ocr_page ocr_carea ocr_par ocr_line ocrx_word'/>
</head>
<body>
  <div class='ocr_page' id='page_1' title='image "./kilianuslatijns00kielgoog_0067.png"; bbox 0 0 3038 5204; ppageno 0'>
   <div class='ocr_carea' id='block_1_1' title="bbox 282 92 1251 877">
    <p class='ocr_par' dir='ltr' id='par_1_1' title="bbox 282 92 1251 877">
     <span class='ocr_line' id='line_1_1' title="bbox 283 92 1166 185; baseline -0.007 -17"><span class='ocrx_word' id='word_1_1' title='bbox 283 101 464 168; x_wconf 86' lang='lat' dir='ltr'>Muteturve</span> <span class='ocrx_word' id='word_1_2' title='bbox 483 95 645 185; x_wconf 79' lang='lat' dir='ltr'>frequens,</span> <span class='ocrx_word' id='word_1_3' title='bbox 667 92 779 162; x_wconf 88' lang='lat' dir='ltr'>eadem</span> <span class='ocrx_word' id='word_1_4' title='bbox 797 92 896 163; x_wconf 92' lang='lat' dir='ltr'>modo</span> <span class='ocrx_word' id='word_1_5' title='bbox 916 93 1013 164; x_wconf 90' lang='lat' dir='ltr'>dictio</span> <span class='ocrx_word' id='word_1_6' title='bbox 1031 113 1166 164; x_wconf 91' lang='lat' dir='ltr'>constet.</span> 
     </span>
     <span class='ocr_line' id='line_1_2' title="bbox 282 231 1176 325; baseline -0.003 -19"><span class='ocrx_word' id='word_1_7' title='bbox 282 240 453 318; x_wconf 87' lang='lat' dir='ltr'>Accentus,</span> <span class='ocrx_word' id='word_1_8' title='bbox 474 237 591 323; x_wconf 87' lang='lat' dir='ltr'>apices,</span> <span class='ocrx_word' id='word_1_9' title='bbox 613 231 842 322; x_wconf 86' lang='lat' dir='ltr'>diphthongos,</span> <span class='ocrx_word' id='word_1_10' title='bbox 864 231 1001 323; x_wconf 90' lang='lat' dir='ltr'>denique</span> <span class='ocrx_word' id='word_1_11' title='bbox 1020 232 1176 325; x_wconf 92' lang='lat' dir='ltr'>quidquid</span> 
     </span>
     <span class='ocr_line' id='line_1_3' title="bbox 283 369 1080 463; baseline -0.006 -18"><span class='ocrx_word' id='word_1_12' title='bbox 283 378 358 445; x_wconf 88' lang='lat' dir='ltr'>Esse</span> <span class='ocrx_word' id='word_1_13' title='bbox 378 395 622 463; x_wconf 88' lang='lat' dir='ltr'>supervacuum,</span> <span class='ocrx_word' id='word_1_14' title='bbox 642 372 792 460; x_wconf 88' lang='lat' dir='ltr'>parvique</span> <span class='ocrx_word' id='word_1_15' title='bbox 810 369 970 459; x_wconf 89' lang='lat' dir='ltr'>putabitur</span> <span class='ocrx_word' id='word_1_16' title='bbox 988 395 1080 456; x_wconf 86' lang='lat' dir='ltr'>usus3</span> 
     </span>
     <span class='ocr_line' id='line_1_4' title="bbox 284 509 1228 601; baseline -0.005 -17"><span class='ocrx_word' id='word_1_17' title='bbox 284 513 441 596; x_wconf 84' lang='lat' dir='ltr'>Hebraeis,</span> <span class='ocrx_word' id='word_1_18' title='bbox 461 510 592 594; x_wconf 84' lang='lat' dir='ltr'>Graecis,</span> <span class='ocrx_word' id='word_1_19' title='bbox 615 531 751 599; x_wconf 88' lang='lat' dir='ltr'>quorum</span> <span class='ocrx_word' id='word_1_20' title='bbox 771 509 839 578; x_wconf 87' lang='lat' dir='ltr'>haec</span> <span class='ocrx_word' id='word_1_21' title='bbox 859 511 997 595; x_wconf 91' lang='lat' dir='ltr'>inventa,</span> <span class='ocrx_word' id='word_1_22' title='bbox 1019 511 1200 601; x_wconf 85' lang='lat' dir='ltr'><strong>relinquant</strong></span> <span class='ocrx_word' id='word_1_23' title='bbox 1220 537 1228 579; x_wconf 90' lang='lat'>:</span> 
     </span>
     <span class='ocr_line' id='line_1_5' title="bbox 285 647 1251 739; baseline -0.002 -20"><span class='ocrx_word' id='word_1_24' title='bbox 285 653 382 720; x_wconf 89' lang='lat' dir='ltr'>Hisce</span> <span class='ocrx_word' id='word_1_25' title='bbox 400 673 461 718; x_wconf 89' lang='lat' dir='ltr'>nec</span> <span class='ocrx_word' id='word_1_26' title='bbox 479 667 618 731; x_wconf 88' lang='lat' dir='ltr'>utantur,</span> <span class='ocrx_word' id='word_1_27' title='bbox 640 648 702 714; x_wconf 90' lang='lat' dir='ltr'>nisi</span> <span class='ocrx_word' id='word_1_28' title='bbox 722 669 822 736; x_wconf 89' lang='lat' dir='ltr'>quum</span> <span class='ocrx_word' id='word_1_29' title='bbox 840 671 890 715; x_wconf 91' lang='lat' dir='ltr'>res</span> <span class='ocrx_word' id='word_1_30' title='bbox 908 647 1056 737; x_wconf 92' lang='lat' dir='ltr'>postulat,</span> <span class='ocrx_word' id='word_1_31' title='bbox 1076 668 1129 718; x_wconf 88' lang='lat' dir='ltr'>aut</span> <span class='ocrx_word' id='word_1_32' title='bbox 1148 673 1251 739; x_wconf 89' lang='lat' dir='ltr'>quum</span> 
     </span>
     <span class='ocr_line' id='line_1_6' title="bbox 284 784 1071 877; baseline -0.005 -18"><span class='ocrx_word' id='word_1_33' title='bbox 284 787 435 859; x_wconf 91' lang='lat' dir='ltr'>Tollendi</span> <span class='ocrx_word' id='word_1_34' title='bbox 452 811 545 857; x_wconf 90' lang='lat' dir='ltr'>causa</span> <span class='ocrx_word' id='word_1_35' title='bbox 565 784 664 870; x_wconf 91' lang='lat' dir='ltr'>dubii,</span> <span class='ocrx_word' id='word_1_36' title='bbox 686 785 923 877; x_wconf 74' lang='lat' dir='ltr'>haerentemque</span> <span class='ocrx_word' id='word_1_37' title='bbox 943 785 1071 877; x_wconf 86' lang='lat' dir='ltr'>juvandi</span> 
     </span>
    </p>
   </div>
   <div class='ocr_carea' id='block_1_2' title="bbox 284 922 1135 1013">
    <p class='ocr_par' dir='ltr' id='par_1_2' title="bbox 284 922 1135 1013">
     <span class='ocr_line' id='line_1_7' title="bbox 284 922 1135 1013; baseline -0.005 -16"><span class='ocrx_word' id='word_1_38' title='bbox 284 929 464 1010; x_wconf 91' lang='lat' dir='ltr'>Lectorem,</span> <span class='ocrx_word' id='word_1_39' title='bbox 487 927 521 993; x_wconf 94' lang='lat' dir='ltr'>in</span> <span class='ocrx_word' id='word_1_40' title='bbox 541 926 650 1013; x_wconf 87' lang='lat' dir='ltr'>primis</span> <span class='ocrx_word' id='word_1_41' title='bbox 670 922 850 993; x_wconf 85' lang='lat' dir='ltr'><strong>censebitur</strong></span> <span class='ocrx_word' id='word_1_42' title='bbox 869 948 937 994; x_wconf 89' lang='lat' dir='ltr'>esse</span> <span class='ocrx_word' id='word_1_43' title='bbox 956 949 1135 994; x_wconf 89' lang='lat' dir='ltr'><strong>necessum.</strong></span> 
     </span>
    </p>
   </div>
   <div class='ocr_carea' id='block_1_3' title="bbox 372 1063 1294 1156">
    <p class='ocr_par' dir='ltr' id='par_1_3' title="bbox 372 1063 1294 1156">
     <span class='ocr_line' id='line_1_8' title="bbox 372 1063 1294 1156; baseline 0.002 -23"><span class='ocrx_word' id='word_1_44' title='bbox 372 1066 451 1134; x_wconf 90' lang='lat' dir='ltr'>Haec</span> <span class='ocrx_word' id='word_1_45' title='bbox 469 1083 543 1134; x_wconf 92' lang='lat' dir='ltr'>sunt</span> <span class='ocrx_word' id='word_1_46' title='bbox 560 1063 792 1151; x_wconf 82' lang='lat' dir='ltr'>orthographos</span> <span class='ocrx_word' id='word_1_47' title='bbox 810 1067 919 1153; x_wconf 89' lang='lat' dir='ltr'>paucis</span> <span class='ocrx_word' id='word_1_48' title='bbox 939 1090 1011 1156; x_wconf 88' lang='lat' dir='ltr'>quae</span> <span class='ocrx_word' id='word_1_49' title='bbox 1030 1067 1108 1135; x_wconf 90' lang='lat' dir='ltr'>scire</span> <span class='ocrx_word' id='word_1_50' title='bbox 1132 1064 1294 1137; x_wconf 87' lang='lat' dir='ltr'>volebam.</span> 
     </span>
    </p>
   </div>
   <div class='ocr_carea' id='block_1_4' title="bbox 684 1302 893 1314">
    <p class='ocr_par' dir='ltr' id='par_1_4' title="bbox 684 1302 893 1314">
     <span class='ocr_line' id='line_1_9' title="bbox 684 1302 893 1314; baseline -0.005 0"><span class='ocrx_word' id='word_1_51' title='bbox 684 1302 893 1314; x_wconf 47' lang='lat' dir='ltr'>m*—</span> 
     </span>
    </p>
   </div>
   <div class='ocr_carea' id='block_1_5' title="bbox 612 1468 984 1537">
    <p class='ocr_par' dir='ltr' id='par_1_5' title="bbox 612 1468 984 1537">
     <span class='ocr_line' id='line_1_10' title="bbox 612 1468 984 1537; baseline -0.003 0"><span class='ocrx_word' id='word_1_52' title='bbox 612 1468 984 1537; x_wconf 85' lang='lat' dir='ltr'><strong>BIBLIOTHECA.</strong></span> 
     </span>
    </p>
   </div>
   <div class='ocr_carea' id='block_1_6' title="bbox 269 1659 1216 3431">
    <p class='ocr_par' dir='ltr' id='par_1_6' title="bbox 269 1659 1216 3431">
     <span class='ocr_line' id='line_1_11' title="bbox 288 1659 1149 1752; baseline 0.003 -25"><span class='ocrx_word' id='word_1_53' title='bbox 288 1659 424 1749; x_wconf 88' lang='lat' dir='ltr'>Sumptu</span> <span class='ocrx_word' id='word_1_54' title='bbox 444 1682 496 1727; x_wconf 92' lang='lat' dir='ltr'>me</span> <span class='ocrx_word' id='word_1_55' title='bbox 513 1659 616 1729; x_wconf 90' lang='lat' dir='ltr'>multo</span> <span class='ocrx_word' id='word_1_56' title='bbox 636 1659 784 1728; x_wconf 92' lang='lat' dir='ltr'>dominus</span> <span class='ocrx_word' id='word_1_57' title='bbox 803 1660 971 1752; x_wconf 92' lang='lat' dir='ltr'>studioque</span> <span class='ocrx_word' id='word_1_58' title='bbox 990 1679 1149 1750; x_wconf 89' lang='lat' dir='ltr'>perornat,</span> 
     </span>
     <span class='ocr_line' id='line_1_12' title="bbox 375 1793 1040 1867; baseline 0.006 -5"><span class='ocrx_word' id='word_1_59' title='bbox 375 1795 420 1864; x_wconf 91' lang='lat' dir='ltr'>Ut</span> <span class='ocrx_word' id='word_1_60' title='bbox 439 1796 501 1862; x_wconf 91' lang='lat' dir='ltr'>sim</span> <span class='ocrx_word' id='word_1_61' title='bbox 520 1795 603 1865; x_wconf 90' lang='lat' dir='ltr'>culta</span> <span class='ocrx_word' id='word_1_62' title='bbox 621 1793 713 1864; x_wconf 92' lang='lat' dir='ltr'>bonis</span> <span class='ocrx_word' id='word_1_63' title='bbox 733 1794 923 1866; x_wconf 83' lang='lat' dir='ltr'>bibliotheca</span> <span class='ocrx_word' id='word_1_64' title='bbox 941 1797 1040 1867; x_wconf 92' lang='lat' dir='ltr'>libris.</span> 
     </span>
     <span class='ocr_line' id='line_1_13' title="bbox 288 1930 1127 2043; baseline 0.005 -43"><span class='ocrx_word' id='word_1_65' title='bbox 288 1931 471 2021; x_wconf 86' lang='lat' dir='ltr'>Spectatum</span> <span class='ocrx_word' id='word_1_66' title='bbox 491 1930 660 2016; x_wconf 90' lang='lat' dir='ltr'>admissus,</span> <span class='ocrx_word' id='word_1_67' title='bbox 683 1933 847 2021; x_wconf 84' lang='lat' dir='ltr'>probitatis</span> <span class='ocrx_word' id='word_1_68' title='bbox 865 1937 976 2043; x_wconf 79' lang='lat' dir='ltr'>munia</span> <span class='ocrx_word' id='word_1_69' title='bbox 997 1956 1098 2006; x_wconf 91' lang='lat' dir='ltr'>servet</span> <span class='ocrx_word' id='word_1_70' title='bbox 1120 1962 1127 2004; x_wconf 91' lang='lat'>:</span> 
     </span>
     <span class='ocr_line' id='line_1_14' title="bbox 374 2068 1026 2161; baseline 0.005 -23"><span class='ocrx_word' id='word_1_71' title='bbox 374 2070 425 2138; x_wconf 90' lang='lat' dir='ltr'>Ne</span> <span class='ocrx_word' id='word_1_72' title='bbox 444 2069 520 2160; x_wconf 93' lang='lat' dir='ltr'>quid</span> <span class='ocrx_word' id='word_1_73' title='bbox 540 2068 708 2154; x_wconf 86' lang='lat' dir='ltr'>deformet,</span> <span class='ocrx_word' id='word_1_74' title='bbox 730 2072 915 2161; x_wconf 88' lang='lat' dir='ltr'>surripiatve</span> <span class='ocrx_word' id='word_1_75' title='bbox 934 2071 1026 2141; x_wconf 90' lang='lat' dir='ltr'>mihi.</span> 
     </span>
     <span class='ocr_line' id='line_1_15' title="bbox 288 2208 1216 2303; baseline 0.001 -23"><span class='ocrx_word' id='word_1_76' title='bbox 288 2208 413 2280; x_wconf 87' lang='lat' dir='ltr'>Ordine</span> <span class='ocrx_word' id='word_1_77' title='bbox 431 2234 581 2300; x_wconf 86' lang='lat' dir='ltr'>quaeque3</span> <span class='ocrx_word' id='word_1_78' title='bbox 602 2210 689 2280; x_wconf 90' lang='lat' dir='ltr'>videt</span> <span class='ocrx_word' id='word_1_79' title='bbox 707 2235 771 2301; x_wconf 92' lang='lat' dir='ltr'>quo</span> <span class='ocrx_word' id='word_1_80' title='bbox 791 2235 877 2279; x_wconf 90' lang='lat' dir='ltr'>nunc</span> <span class='ocrx_word' id='word_1_81' title='bbox 896 2211 1016 2302; x_wconf 84' lang='lat' dir='ltr'>digesta</span> <span class='ocrx_word' id='word_1_82' title='bbox 1023 2239 1033 2296; x_wconf 90' lang='lat'>;</span> <span class='ocrx_word' id='word_1_83' title='bbox 1054 2232 1186 2303; x_wconf 85' lang='lat' dir='ltr'>reponat</span> <span class='ocrx_word' id='word_1_84' title='bbox 1208 2239 1216 2281; x_wconf 90' lang='lat'>:</span> 
     </span>
     <span class='ocr_line' id='line_1_16' title="bbox 375 2330 1087 2440; baseline 0.001 -21"><span class='ocrx_word' id='word_1_85' title='bbox 375 2330 425 2419; x_wconf 85' lang='lat' dir='ltr'>Ne</span> <span class='ocrx_word' id='word_1_86' title='bbox 444 2352 507 2419; x_wconf 91' lang='lat' dir='ltr'>sint</span> <span class='ocrx_word' id='word_1_87' title='bbox 527 2349 658 2420; x_wconf 92' lang='lat' dir='ltr'>diversis</span> <span class='ocrx_word' id='word_1_88' title='bbox 677 2369 749 2439; x_wconf 91' lang='lat' dir='ltr'>post</span> <span class='ocrx_word' id='word_1_89' title='bbox 768 2350 940 2440; x_wconf 88' lang='lat' dir='ltr'>repetenda</span> <span class='ocrx_word' id='word_1_90' title='bbox 959 2351 1050 2420; x_wconf 92' lang='lat' dir='ltr'>locis.</span> <span class='ocrx_word' id='word_1_91' title='bbox 1086 2435 1087 2438; x_wconf 8' lang='grc' dir='ltr'><strong>Ἴ</strong></span> 
     </span>
     <span class='ocr_line' id='line_1_17' title="bbox 269 2485 1147 2578; baseline 0.001 -23"><span class='ocrx_word' id='word_1_92' title='bbox 269 2489 424 2578; x_wconf 76' lang='lat' dir='ltr'>&#39;Urgenti</span> <span class='ocrx_word' id='word_1_93' title='bbox 445 2485 595 2557; x_wconf 90' lang='lat' dir='ltr'>dominus</span> <span class='ocrx_word' id='word_1_94' title='bbox 615 2489 642 2555; x_wconf 90' lang='lat' dir='ltr'>si</span> <span class='ocrx_word' id='word_1_95' title='bbox 661 2489 832 2578; x_wconf 88' lang='lat' dir='ltr'>quicquam</span> <span class='ocrx_word' id='word_1_96' title='bbox 851 2487 1048 2573; x_wconf 87' lang='lat' dir='ltr'>commodet,</span> <span class='ocrx_word' id='word_1_97' title='bbox 1069 2487 1147 2557; x_wconf 89' lang='lat' dir='ltr'>illud</span> 
     </span>
     <span class='ocr_line' id='line_1_18' title="bbox 376 2627 1151 2716; baseline 0.005 -22"><span class='ocrx_word' id='word_1_98' title='bbox 376 2628 552 2716; x_wconf 87' lang='lat' dir='ltr'>integrum,</span> <span class='ocrx_word' id='word_1_99' title='bbox 574 2645 609 2696; x_wconf 91' lang='lat' dir='ltr'>ut</span> <span class='ocrx_word' id='word_1_100' title='bbox 628 2629 760 2716; x_wconf 89' lang='lat' dir='ltr'>accepit,</span> <span class='ocrx_word' id='word_1_101' title='bbox 782 2652 848 2696; x_wconf 92' lang='lat' dir='ltr'>non</span> <span class='ocrx_word' id='word_1_102' title='bbox 866 2630 1008 2698; x_wconf 90' lang='lat' dir='ltr'>monitus</span> <span class='ocrx_word' id='word_1_103' title='bbox 1028 2627 1151 2698; x_wconf 86' lang='lat' dir='ltr'>referat.</span> 
     </span>
     <span class='ocr_line' id='line_1_19' title="bbox 289 2764 1123 2856; baseline 0.005 -24"><span class='ocrx_word' id='word_1_104' title='bbox 289 2765 323 2832; x_wconf 91' lang='lat' dir='ltr'>Si</span> <span class='ocrx_word' id='word_1_105' title='bbox 342 2764 489 2854; x_wconf 86' lang='lat' dir='ltr'>quaedam</span> <span class='ocrx_word' id='word_1_106' title='bbox 507 2767 649 2835; x_wconf 91' lang='lat' dir='ltr'>inveniet</span> <span class='ocrx_word' id='word_1_107' title='bbox 668 2789 735 2836; x_wconf 94' lang='lat' dir='ltr'>non</span> <span class='ocrx_word' id='word_1_108' title='bbox 755 2790 883 2855; x_wconf 91' lang='lat' dir='ltr'>prorsus</span> <span class='ocrx_word' id='word_1_109' title='bbox 902 2786 987 2856; x_wconf 86' lang='lat' dir='ltr'>grata</span> <span class='ocrx_word' id='word_1_110' title='bbox 1007 2767 1123 2856; x_wconf 88' lang='lat' dir='ltr'>palato,</span> 
     </span>
     <span class='ocr_line' id='line_1_20' title="bbox 375 2904 1079 2996; baseline 0 -23"><span class='ocrx_word' id='word_1_111' title='bbox 375 2904 567 2996; x_wconf 89' lang='lat' dir='ltr'>Judicioque</span> <span class='ocrx_word' id='word_1_112' title='bbox 586 2907 693 2973; x_wconf 91' lang='lat' dir='ltr'>minus</span> <span class='ocrx_word' id='word_1_113' title='bbox 711 2904 790 2974; x_wconf 86' lang='lat' dir='ltr'>forte</span> <span class='ocrx_word' id='word_1_114' title='bbox 809 2904 972 2994; x_wconf 89' lang='lat' dir='ltr'>probanda</span> <span class='ocrx_word' id='word_1_115' title='bbox 991 2929 1049 2974; x_wconf 91' lang='lat' dir='ltr'>suo</span> <span class='ocrx_word' id='word_1_116' title='bbox 1072 2929 1079 2973; x_wconf 90' lang='lat'><strong>:</strong></span> 
     </span>
     <span class='ocr_line' id='line_1_21' title="bbox 290 3042 1048 3133; baseline 0.001 -22"><span class='ocrx_word' id='word_1_117' title='bbox 290 3044 366 3112; x_wconf 91' lang='lat' dir='ltr'>Sese</span> <span class='ocrx_word' id='word_1_118' title='bbox 386 3045 548 3113; x_wconf 92' lang='lat' dir='ltr'>contineat</span> <span class='ocrx_word' id='word_1_119' title='bbox 566 3042 688 3133; x_wconf 87' lang='lat' dir='ltr'>placide</span> <span class='ocrx_word' id='word_1_120' title='bbox 711 3069 718 3112; x_wconf 90' lang='lat'>:</span> <span class='ocrx_word' id='word_1_121' title='bbox 741 3042 924 3128; x_wconf 90' lang='lat' dir='ltr'>meditetur,</span> <span class='ocrx_word' id='word_1_122' title='bbox 944 3045 1048 3112; x_wconf 87' lang='lat' dir='ltr'>inesse&#39;</span> 
     </span>
     <span class='ocr_line' id='line_1_22' title="bbox 378 3181 1080 3272; baseline 0.001 -22"><span class='ocrx_word' id='word_1_123' title='bbox 378 3181 469 3272; x_wconf 88' lang='lat' dir='ltr'>Saepe</span> <span class='ocrx_word' id='word_1_124' title='bbox 489 3184 585 3252; x_wconf 88' lang='lat' dir='ltr'>etiam</span> <span class='ocrx_word' id='word_1_125' title='bbox 603 3183 726 3271; x_wconf 89' lang='lat' dir='ltr'>scriptis</span> <span class='ocrx_word' id='word_1_126' title='bbox 744 3183 849 3271; x_wconf 89' lang='lat' dir='ltr'>turpia</span> <span class='ocrx_word' id='word_1_127' title='bbox 867 3181 985 3250; x_wconf 91' lang='lat' dir='ltr'>menda</span> <span class='ocrx_word' id='word_1_128' title='bbox 1003 3183 1080 3251; x_wconf 90' lang='lat' dir='ltr'>suis.</span> 
     </span>
     <span class='ocr_line' id='line_1_23' title="bbox 289 3317 1216 3431; baseline -0.001 -41"><span class='ocrx_word' id='word_1_129' title='bbox 289 3323 401 3391; x_wconf 89' lang='lat' dir='ltr'>Hanc</span> <span class='ocrx_word' id='word_1_130' title='bbox 420 3324 562 3412; x_wconf 91' lang='lat' dir='ltr'>quisquis</span> <span class='ocrx_word' id='word_1_131' title='bbox 581 3322 685 3411; x_wconf 87' lang='lat' dir='ltr'>legem</span> <span class='ocrx_word' id='word_1_132' title='bbox 704 3339 902 3404; x_wconf 90' lang='lat' dir='ltr'>contemnes,</span> <span class='ocrx_word' id='word_1_133' title='bbox 925 3317 1116 3431; x_wconf 77' lang='lat' dir='ltr'>bibliotheca</span> <span class='ocrx_word' id='word_1_134' title='bbox 1210 3404 1216 3412; x_wconf 30' lang='grc' dir='ltr'>ι</span> 
     </span>
    </p>
   </div>
   <div class='ocr_carea' id='block_1_7' title="bbox 379 3457 1141 3543">
    <p class='ocr_par' dir='ltr' id='par_1_7' title="bbox 379 3457 1141 3543">
     <span class='ocr_line' id='line_1_24' title="bbox 379 3457 1141 3543; baseline -0.004 -12"><span class='ocrx_word' id='word_1_135' title='bbox 379 3460 512 3532; x_wconf 90' lang='lat' dir='ltr'>Abstine</span> <span class='ocrx_word' id='word_1_136' title='bbox 531 3460 570 3532; x_wconf 94' lang='lat' dir='ltr'>ab</span> <span class='ocrx_word' id='word_1_137' title='bbox 590 3461 716 3530; x_wconf 84' lang='lat' dir='ltr'>alterius</span> <span class='ocrx_word' id='word_1_138' title='bbox 739 3484 746 3527; x_wconf 93' lang='lat'>:</span> <span class='ocrx_word' id='word_1_139' title='bbox 767 3457 874 3543; x_wconf 90' lang='lat' dir='ltr'>volve,</span> <span class='ocrx_word' id='word_1_140' title='bbox 896 3457 1022 3527; x_wconf 86' lang='lat' dir='ltr'>revolve</span> <span class='ocrx_word' id='word_1_141' title='bbox 1041 3477 1141 3528; x_wconf 89' lang='lat' dir='ltr'>tuam.</span> 
     </span>
    </p>
   </div>
   <div class='ocr_carea' id='block_1_8' title="bbox 0 0 1528 5204">
    <p class='ocr_par' dir='ltr' id='par_1_8' title="bbox 0 0 1528 5204">
     <span class='ocr_line' id='line_1_25' title="bbox 0 0 1528 5204; baseline 0 0"><span class='ocrx_word' id='word_1_142' title='bbox 0 0 1528 5204; x_wconf 95' lang='lat' dir='ltr'> </span> 
     </span>
    </p>
   </div>
  </div>
 </body>
</html>
