3052 5212
794 499 992 547 ..ω-

383 680 547 736 nobilissimo
561 682 618 737 viro
632 682 669 737 D.
686 681 803 737 Heurico
817 680 849 735 ab
864 679 1023 735 Oosthoom
1036 690 1063 735 et
1076 679 1221 737 Sonnevelt
1231 682 1254 737 1.
1267 681 1303 738 V.
1318 682 1411 737 licen·

384 768 458 834 tiato,
466 779 580 841 cognato
588 784 647 836 suo,
657 767 794 841 Philippus
804 767 921 823 Gallaeus
935 765 1034 822 amoris
1043 782 1107 841 ergo
1120 766 1205 823 libens
1215 768 1313 824 merito
1322 768 1359 824 D.
1371 770 1409 824 D.

426 959 475 1026 De
493 958 581 1027 reeks
599 957 690 1027 bevat
705 981 806 1026 eenen
817 955 1050 1048 gegraveerden
1067 955 1136 1026 titel
1151 980 1192 1026 en
1209 976 1270 1026 102
1283 958 1405 1048 platen‚

383 1071 435 1141 die
452 1070 643 1163 gegraveerd
661 1073 724 1162 zijn
741 1069 822 1140 door
838 1071 897 1157 Jan
914 1093 955 1138 en
973 1068 1112 1139 Adriaan
1131 1069 1283 1157 Collaert‚
1298 1072 1409 1142 Theu

382 1183 473 1269 door,
499 1183 618 1273 Philips
639 1208 679 1252 en
701 1183 846 1253 Cornelis
869 1181 972 1268 Galle,
1003 1206 1044 1252 en
1067 1182 1162 1253 Karel
1192 1182 1232 1253 de
1257 1184 1407 1277 Mallery.

427 1298 510 1366 Eene
528 1296 651 1367 tweede
670 1296 793 1389 uitgaaf
804 1296 977 1368 verscheen
1003 1294 1044 1386 bij
1071 1296 1224 1369 Nicolaus
1241 1298 1408 1370 Visscher.

383 1411 432 1478 De
449 1409 566 1498 platen‚
588 1408 639 1479 die
657 1409 719 1480 den
737 1434 831 1479 naam
853 1434 915 1479 van
943 1409 1064 1500 Philips
1093 1409 1185 1480 Galle
1214 1408 1357 1504 droegen
1375 1415 1410 1482 in

384 1522 423 1591 de
442 1541 542 1592 eerste
565 1523 694 1616 uitgaaf‚
718 1526 780 1614 zijn
804 1521 923 1594 zonder
947 1547 1040 1594 naam
1064 1547 1127 1594 van
1149 1548 1284 1616 gravent
1310 1527 1347 1595 in
1370 1525 1411 1596 de

384 1634 518 1707 tweede.
1360 1643 1367 1654 ‘

427 1749 568 1819 Circulus
585 1750 798 1819 vicissitudinis
815 1774 914 1820 rerum
933 1750 1136 1820 humanarum
1160 1749 1220 1841 (bl.
1240 1748 1313 1842 92).
1327 1752 1409 1822 Ver·

381 1861 496 1933 scheen
515 1865 549 1931 in
567 1865 587 1933 8
606 1862 730 1950 bladen,
751 1885 817 1934 met
836 1889 936 1935 eenen
953 1863 1197 1956 aizonderlijken
1214 1865 1295 1952 titel,
1317 1865 1408 1936 aldus

385 1973 533 2046 luidende
553 2000 562 2048 t

418 2177 538 2232 Circulus
551 2177 745 2234 vicissitudinus
766 2192 855 2231 rerum
874 2177 1053 2230 humanarum
1071 2175 1165 2231 edebat
1185 2174 1324 2248 Philippus
1343 2175 1405 2231 Gal·

382 2265 464 2332 laeus,
481 2264 586 2320 ludebat
600 2264 741 2320 Cornelius
755 2263 875 2318 Kilianus
888 2262 1036 2317 Dufflaeus.
1050 2262 1194 2318 M.deVos
1207 2263 1321 2329 invent„
1336 2262 1404 2334 Joan

382 2351 508 2418 Collaert‚
526 2350 609 2423 sculp.
629 2351 760 2406 Ornatiss.
780 2362 806 2405 et
827 2350 924 2404 clariss.
945 2350 1002 2404 viro
1021 2347 1057 2404 D.
1073 2349 1110 2404 D.
1126 2348 1248 2421 Philippo
1267 2348 1403 2415 Veuselio,

382 2439 491 2510 Hispan.
506 2438 534 2493 in
547 2439 686 2492 Brabantia
699 2454 715 2493 a
728 2436 852 2493 Consiliis
871 2437 1014 2503 ordinario,
1029 2435 1078 2492 has
1097 2436 1191 2492 mundi
1204 2435 1405 2492 vicissitudines

381 2525 516 2598 Philippus
531 2525 647 2582 Gallaeus
660 2525 698 2580 D.
710 2526 746 2580 D.

423 2716 523 2788 Twee
543 2717 599 2788 der
617 2717 690 2787 acht
706 2717 811 2808 platen
828 2718 890 2807 zijn
910 2716 990 2786 door
1008 2715 1102 2786 Karel
1129 2714 1169 2786 de
1194 2714 1330 2806 Mallery
1347 2739 1405 2807 ge-

384 2828 514 2900 sneden.
1395 2852 1398 2858 ·

430 2944 518 3011 Varii
534 2943 686 3012 hominum
703 2965 801 3010 sensus
814 2940 872 3032 (bl.
888 2941 947 3033 93)
965 2943 1082 3012 bestaat
1099 2945 1146 3012 uit
1165 2940 1224 3031 vijf
1237 2940 1345 3030 platen
1364 2964 1404 3009 en

384 3079 484 3123 eenen
496 3055 575 3141 titel,
590 3079 631 3144 op
644 3055 769 3124 welken
782 3053 821 3123 de
835 3074 934 3124 eerste
946 3054 1042 3125 strofe
1061 3058 1094 3123 in
1105 3079 1181 3124 eene
1193 3053 1404 3145 gegraveerde

384 3171 447 3261 lijst
480 3171 661 3239 voorkomt.
700 3173 749 3238 De
787 3195 942 3262 gravuren
978 3169 1095 3261 drugen
1130 3168 1169 3239 de
1212 3168 1359 3238 adressen
1392 3195 1399 3236 :

384 3283 461 3351 libr.
498 3275 649 3352 Franiken
678 3285 801 3368 invenit,
833 3283 924 3353 Carel
958 3285 992 3352 de
1031 3284 1164 3375 Mallerp
1196 3283 1303 3373 sculp„
1346 3281 1403 3350 Th⁵

384 3397 473 3466 Galle
488 3397 652 3466 excidebat.
676 3436 721 3447 --
753 3399 807 3488 Op
828 3396 890 3466 den
908 3397 976 3466 titel
1002 3423 1063 3467 van
1082 3396 1136 3466 het
1154 3396 1331 3486 exempluar
1348 3394 1403 3463 der

385 3510 587 3601 Koninklijke
608 3509 805 3580 Bibliotheek
833 3535 895 3580 van
918 3510 1043 3580 Brussel
1069 3529 1147 3579 staat
1169 3508 1208 3578 de
1232 3532 1325 3577 naam
1342 3531 1403 3577 van

384 3621 558 3691 Theodoor
577 3623 666 3692 Galle
685 3624 729 3692 als
748 3627 901 3714 uitgever.
923 3626 972 3691 De
991 3623 1167 3713 Latijnsche
1194 3646 1308 3691 verzen
1329 3644 1403 3690 ver·
1445 3669 1447 3671 >

289 3787 291 3791 ν
382 3734 514 3804 schillen
533 3736 696 3827 merkelijk
713 3761 774 3806 van
791 3735 854 3822 die,
874 3736 976 3806 welke
994 3739 1046 3826 wij
1066 3736 1135 3805 hier
1153 3735 1307 3820 drukken‚
1323 3759 1400 3804 eene

382 3848 535 3938 vertaling
552 3851 585 3916 in
604 3847 658 3916 het
676 3849 813 3917 Fransch
835 3875 875 3918 en
900 3852 934 3917 in
952 3849 1006 3919 het
1024 3848 1263 3920 Nederlandsch
1288 3872 1402 3938 verge-

381 3960 443 4030 zelt
472 3986 520 4030 ze.
552 3961 726 4030 Misschien
754 3961 841 4032 werd
872 3961 923 4029 die
949 3962 1101 4053 vertaling
1131 3963 1195 4031 ook
1224 3959 1304 4029 door
1329 3958 1401 4028 Kiel

383 4073 529 4166 bezorgd.
550 4077 615 4167 Wij
634 4076 717 4145 laten
737 4101 770 4144 er
789 4075 858 4145 hier
887 4074 925 4143 de
956 4094 1055 4144 eerste
1085 4075 1180 4144 strofe
1210 4074 1254 4143 als
1281 4073 1400 4162 staultje

380 4211 442 4260 van
460 4188 586 4279 volgen.
