3038 5204
698 455 851 520 ,g-

273 659 357 728 Hinc
376 658 494 727 inculta
511 659 614 746 jacent
632 679 819 746 camporum
838 656 937 725 millia
955 660 1084 748 passim,

359 799 464 887 Atque
484 795 572 865 deest
588 797 683 865 vastis
699 817 820 884 gnavus
839 813 943 864 arator
960 796 1054 884 agris.

271 933 344 1016 Fur,
366 931 456 1015 latro,
476 934 627 1014 incestus,
648 949 818 1021 stuprator,
838 933 938 1020 turpis
957 929 1092 1016 adulter3

360 1068 528 1161 Quidquid
546 1070 622 1160 agit,
642 1071 736 1158 jactat
754 1067 870 1137 nobilis
889 1087 956 1137 acta
974 1070 1045 1137 viri.

272 1209 414 1299 Corpore
432 1230 512 1298 quos
529 1227 648 1297 gestus,
669 1204 817 1275 manibus
834 1229 905 1296 quae
923 1204 1007 1274 basia
1025 1206 1165 1296 praebetl

359 1344 443 1423 Quae
461 1342 551 1411 flexis
570 1340 636 1411 edit
654 1339 774 1410 ludicra
791 1340 985 1430 poplitibus!

272 1479 405 1551 AEdibus
423 1483 455 1549 in
473 1482 567 1549 sacris
586 1478 772 1570 plerumque
790 1483 1026 1569 superstitiosus
1046 1508 1053 1550 :

357 1619 467 1687 Mente
485 1615 608 1699 absens,
630 1639 726 1685 vanas
747 1638 922 1688 murmurat
938 1642 993 1689 ore
1011 1642 1133 1711 preces.
1213 1702 1217 1713 ¹

270 1756 433 1836 Frontem,
454 1776 503 1838 os,
525 1772 556 1823 et
573 1773 694 1843 pectus,
716 1773 872 1838 ventrem,
895 1753 1025 1825 dorsum
1044 1781 1138 1828 cruce
1157 1762 1287 1830 munit:

356 1890 506 1960 Insolitus
523 1889 641 1960 Christi
660 1893 918 1960 commeminisse
936 1894 1050 1962 crucis.

274 2031 310 2098 In
330 2030 438 2098 castris
455 2027 562 2099 turbas
580 2030 643 2099 ciet
663 2053 671 2096 :
693 2048 726 2098 et
743 2052 883 2119 pugnare
901 2049 1036 2113 recusat,

358 2168 493 2235 Hostem
511 2189 611 2256 quum
627 2166 730 2237 valida
748 2170 844 2237 sentit
863 2167 972 2236 adesse
992 2192 1103 2239 manu.

271 2337 322 2407 Ut
339 2359 428 2425 seges
447 2355 478 2404 et
496 2335 609 2412 lolium
627 2335 726 2405 fundo
746 2358 918 2407 nascuntur
931 2337 1065 2424 eodem3

356 2471 408 2542 Sic
428 2470 527 2540 homo
546 2473 668 2541 virtutis
687 2472 723 2542 fit
741 2474 873 2563 vitiique
892 2473 987 2543 ferax.

704 2684 850 2753 Annuus.

694 2845 860 2900 Lnuonron.

269 2988 442 3078 Anglus,
466 2991 531 3056 sive
551 2990 732 3072 Britannus,
754 2991 843 3079 aquis
861 3008 1005 3080 terraque
1033 2991 1152 3076 beatus,

358 3124 501 3213 Corpore
521 3129 723 3214 conspicuus,
744 3125 910 3196 floridulus
927 3129 1006 3197 facie
1029 3156 1036 3197 :

269 3259 377 3344 Cultu,
400 3260 507 3331 habitu
527 3261 645 3331 nitidus
666 3288 674 3330 ε
696 3282 799 3352 gestu,
820 3263 908 3333 vultu
931 3288 1105 3354 generosus
1126 3293 1134 3337 :

354 3401 513 3471 Convictu
530 3401 647 3492 largus,
668 3398 805 3490 dapsilis,
827 3421 922 3492 atque
941 3402 1047 3472 hilaris
1069 3429 1077 3473 ε

266 3537 400 3626 Ingenio
418 3538 528 3608 sollers
548 3563 556 3606 :
578 3562 671 3608 cursu
692 3538 853 3629 facilisque
873 3540 1018 3631 celetque
1040 3568 1047 3609 z

354 3675 438 3742 Arcu
457 3695 504 3743 est
522 3675 686 3764 praesignis
708 3701 715 3742 :
738 3673 848 3743 bellica
868 3675 907 3744 ad
928 3701 1015 3745 arma
1038 3679 1147 3748 citus,

665 3864 882 3921 Caruuutrnon.

223 4090 225 4096 y
267 4007 421 4097 Anglus
438 4006 644 4100 inhumanus,
667 4031 843 4097 perversus,
863 4032 977 4092 saevus,
998 4011 1141 4100 iniquus,

356 4148 424 4214 Prae
444 4171 478 4214 se
497 4147 675 4216 contemnit
694 4169 849 4235 quosque,
870 4144 929 4214 sibi
949 4148 1016 4234 ipse
1036 4146 1150 4234 placet.
