3038 5204
680 509 856 576 -,5,

255 696 289 762 Si
307 693 387 762 mihi
406 716 463 782 pto
482 711 558 762 voto
577 691 746 782 quadratus
767 690 1028 788 circulus,·atque

343 831 484 922 AEqualis
504 849 601 900 costae
619 830 715 913 linea,
737 847 814 898 nota
830 828 946 912 forent3

256 999 295 1067 Et
312 1021 364 1066 me
383 999 488 1067 metiri
506 1000 633 1087 proprio
651 996 785 1066 modulo
805 1021 840 1066 ac
858 996 939 1086 pede
956 1020 1106 1086 possem;

344 1137 420 1206 Arte
439 1160 511 1205 mea
528 1136 640 1204 similis
660 1133 781 1204 dicerer
798 1159 867 1204 esse
885 1138 969 1222 Jovi.

443 1364 641 1428 Ammonos,
663 1362 890 1429 Gnurrmrncus,
911 1363 1088 1421 Pnoouosm.

256 1542 364 1614 Ardua
382 1543 521 1614 stelliferi
541 1543 697 1633 perlustro
715 1542 818 1612 sidera
836 1543 917 1626 caeli,

346 1681 492 1751 Observo
511 1681 596 1752 rutili
617 1680 738 1750 fervida
755 1685 845 1772 signa
862 1680 941 1771 poli.

260 1821 400 1905 Saturni,
419 1823 519 1907 Jovis‚
540 1840 571 1891 et
590 1822 714 1903 Martis,
734 1819 828 1903 Solis,
849 1821 1061 1908 Venerisque,

346 1960 510 2039 Mercurii,
531 1958 631 2025 Lunae
652 1955 754 2026 sidera
772 1960 806 2024 in
825 1981 881 2025 axe
899 1980 999 2046 vaga;

259 2096 405 2184 Quaeque
424 2111 555 2162 manent
573 2112 642 2163 toto
661 2094 730 2163 caeli
750 2097 879 2183 agmine
897 2093 977 2176 fixa3
998 2092 1121 2182 figuris,

345 2220 462 2321 Signis,
481 2229 668 2300 nominibus
687 2256 738 2299 me
758 2256 830 2301 mea
849 2231 978 2322 Sphaera
997 2230 1102 2301 docet.

258 2372 342 2440 Hinc
361 2396 420 2462 ego
441 2391 647 2462 quumtvasto
668 2371 744 2462 quid
764 2394 873 2464 agatur
891 2377 923 2442 in
942 2374 1058 2444 aethere
1076 2393 1231 2463 spectem,

344 2511 506 2602 Astrologi
526 2536 647 2580 nomen
665 2510 803 2582 vendico
821 2516 888 2602 jure
907 2512 1000 2581 mihi.

257 2652 326 2719 Nec
344 2648 509 2719 modicum
527 2649 621 2717 farnae
634 2652 804 2739 geniorum
823 2649 1020 2740 horoscopus
1041 2649 1127 2719 addit
1149 2677 1156 2719 :

344 2783 422 2853 Inde
440 2784 657 2874 genethliacus
676 2810 811 2875 sumque
830 2809 992 2877 vocorque
1008 2786 1098 2886 levis.

216 2924 218 2930 ’
258 2922 421 3013 Stultaque
439 2946 540 3012 quum
558 2920 675 2991 stolido
693 2921 829 2991 scribam
847 2925 1051 3012 prognostica
1069 2921 1178 3011 vulgo,

344 3064 530 3152 Prognostae
547 3064 638 3131 vanis
655 3061 853 3131 condecoror
872 3061 985 3131 titulis.

259 3201 343 3280 Quae
362 3225 456 3290 supra
473 3225 526 3269 me
544 3221 619 3270 sunt
639 3201 708 3270 caeli
727 3199 874 3270 sublimia
892 3221 1026 3282 scrutor,
1111 3189 1121 3205 ²

345 3338 547 3429 Negligoque
567 3337 600 3407 id
618 3337 706 3428 quod
727 3338 818 3407 humi
838 3341 1006 3427 conspicor
1024 3356 1096 3405 ante
1115 3335 1211 3425 pedes
1235 3359 1242 3401 :
1313 3333 1320 3346 “

257 3475 350 3544 Unde
369 3499 490 3561 amens,
511 3500 632 3560 socors,
654 3477 737 3544 nasis
756 3474 935 3564 suspendor
954 3476 1098 3544 aduncis.

344 3656 437 3722 Astra
454 3673 569 3743 regunt
586 3676 698 3742 pravos
720 3678 728 3720 :
749 3655 798 3722 vir
818 3648 936 3741 probus
954 3672 1035 3720 astra
1051 3653 1145 3740 tegit.

625 3936 628 3942 .
674 3881 860 3937 EPILOGUS.

476 4063 554 4130 Haec
574 4059 709 4129 candid'o
728 4063 772 4129 sic
790 4060 926 4129 lusimus

478 4202 515 4268 Et
533 4198 631 4269 livido
650 4198 821 4267 lectoribus
844 4222 851 4263 :
