3038 5204
691 597 890 662 -140-

706 780 877 849 Mensam.

279 914 435 997 Circinus,
458 915 587 1006 aqualis
605 937 729 999 norma,
749 937 779 986 et
799 916 902 985 libella
924 916 1053 1001 fabrilis,

365 1053 546 1122 Commoda
564 1078 722 1123 mensurus
741 1076 815 1125 sunt
834 1054 1027 1125 documenta
1045 1056 1151 1125 bonae.

708 1221 863 1290 Pucuum.

277 1356 442 1439 Quidlibet
462 1360 603 1426 interris
623 1359 729 1445 regina
747 1361 881 1447 pecunia
907 1381 1037 1447 possum
1060 1382 1066 1425 :

362 1497 471 1577 Quare
489 1497 658 1565 hominum
677 1497 792 1567 obnixe
812 1523 864 1568 me
884 1499 959 1569 colit
979 1524 1077 1570 omne
1097 1522 1209 1590 genus.

678 1663 877 1732 ancuuuu.

273 1802 424 1893 Undique
443 1801 613 1871 discrimen
637 1831 643 1871 :
663 1805 782 1893 pendet
800 1827 894 1894 supra
911 1824 1004 1894 caput
1025 1808 1110 1874 ensis
1130 1831 1137 1871 :

359 1941 483 2031 Corpus
502 1945 622 2011 circum
642 1966 732 2011 enses
755 1965 761 2008 :
783 1946 873 2031 spina
893 1947 1072 2033 premitque
1086 1943 1215 2032 pedem.

742 2109 809 2176 Vis.

272 2248 339 2318 Ore
357 2269 451 2340 atque
471 2271 576 2338 ungue
597 2247 648 2316 leo
666 2249 755 2316 saevit
776 2273 783 2313 τ
805 2246 956 2316 uiolentia
973 2246 1111 2315 flammis

359 2387 397 2455 Et
415 2385 498 2456 lerro
515 2384 617 2455 valide
636 2384 728 2454 fortia
746 2408 880 2475 quaeque
898 2388 1024 2473 premit.

719 2549 835 2616 anus.

269 2685 347 2757 Esca
366 2686 536 2776 pisciculos
555 2705 586 2756 et
605 2709 710 2755 mures
730 2685 812 2754 illice
831 2684 953 2768 fraudo,

357 2831 395 2900 Et
413 2829 529 2900 larvata
547 2826 638 2898 dolos
657 2828 795 2918 qualibet
815 2847 879 2898 arte
899 2847 999 2896 struo

680 2992 867 3060 Disconum.

268 3132 378 3202 Cincta
397 3151 490 3221 caput
509 3129 645 3199 colubris
663 3151 780 3200 tetrum
799 3129 955 3200 discordia
973 3130 1075 3220 prollo

355 3271 543 3354 Dimidium,
564 3292 595 3341 et
613 3270 735 3361 rapidas
756 3271 850 3340 effera
870 3268 970 3338 subdo
990 3268 1085 3338 laces.

627 3437 833 3506 Unimanum
852 3437 924 3506 Dm.

266 3575 429 3664 Aspernor
447 3572 563 3657 lucem,
586 3572 695 3644 diffido
714 3575 785 3643 Deo
807 3601 813 3641 :
837 3572 916 3642 mihi
934 3592 1000 3642 tota

354 3715 408 3784 Est
426 3737 498 3804 spes
516 3716 550 3780 in
569 3715 648 3782 caris
666 3712 727 3781 lixa
746 3711 999 3782 numismatibus.

668 3876 878 3945 Ilrruuuurm.

266 4013 415 4084 Ostentat
433 4013 542 4084 culum
556 4015 647 4081 simia
671 4038 677 4080 ε
699 4033 793 4104 atque
810 4012 931 4103 pudore
949 4032 1074 4084 remoto

349 4153 479 4223 Nudam
499 4177 559 4245 ego
581 4177 633 4221 me
654 4153 808 4222 exhibeo:
827 4154 932 4245 pando
950 4155 1099 4244 pudenda
1116 4155 1235 4245 palam.

687 4362 856 4373 ———
