<?xml version="1.0" encoding="UTF-8"?>
<!DOCTYPE html PUBLIC "-//W3C//DTD XHTML 1.0 Transitional//EN"
    "http://www.w3.org/TR/xhtml1/DTD/xhtml1-transitional.dtd">
<html xmlns="http://www.w3.org/1999/xhtml" xml:lang="en" lang="en">
 <head>
  <title>
</title>
<meta http-equiv="Content-Type" content="text/html;charset=utf-8" />
  <meta name='ocr-system' content='tesseract 3.04.00' />
  <meta name='ocr-capabilities' content='ocr_page ocr_carea ocr_par ocr_line ocrx_word'/>
</head>
<body>
  <div class='ocr_page' id='page_1' title='image "./kilianuslatijns00kielgoog_0174.png"; bbox 0 0 3038 5204; ppageno 0'>
   <div class='ocr_carea' id='block_1_1' title="bbox 523 499 806 594">
    <p class='ocr_par' dir='ltr' id='par_1_1' title="bbox 523 499 806 594">
     <span class='ocr_line' id='line_1_1' title="bbox 523 499 806 594; baseline -0.007 -16"><span class='ocrx_word' id='word_1_1' title='bbox 523 499 740 594; x_wconf 64' lang='lat'>-127-‘</span> <span class='ocrx_word' id='word_1_2' title='bbox 802 502 806 509; x_wconf 75' lang='grc'><strong><em>’</em></strong></span> 
     </span>
    </p>
   </div>
   <div class='ocr_carea' id='block_1_2' title="bbox 116 679 1037 1227">
    <p class='ocr_par' dir='ltr' id='par_1_2' title="bbox 116 679 1037 1227">
     <span class='ocr_line' id='line_1_2' title="bbox 204 679 931 805; baseline -0.011 -20"><span class='ocrx_word' id='word_1_3' title='bbox 204 713 366 805; x_wconf 85' lang='lat' dir='ltr'>Angelicis</span> <span class='ocrx_word' id='word_1_4' title='bbox 382 713 475 804; x_wconf 81' lang='lat' dir='ltr'><strong>plene</strong></span> <span class='ocrx_word' id='word_1_5' title='bbox 493 713 606 783; x_wconf 91' lang='lat' dir='ltr'>doctus</span> <span class='ocrx_word' id='word_1_6' title='bbox 626 679 828 782; x_wconf 73' lang='lat' dir='ltr'>sermonibus</span> <span class='ocrx_word' id='word_1_7' title='bbox 847 732 931 802; x_wconf 88' lang='lat' dir='ltr'>aeger</span> 
     </span>
     <span class='ocr_line' id='line_1_3' title="bbox 116 847 1037 941; baseline -0.005 -20"><span class='ocrx_word' id='word_1_8' title='bbox 116 853 155 922; x_wconf 90' lang='lat' dir='ltr'>Et</span> <span class='ocrx_word' id='word_1_9' title='bbox 173 852 283 923; x_wconf 89' lang='lat' dir='ltr'>divum</span> <span class='ocrx_word' id='word_1_10' title='bbox 301 849 467 941; x_wconf 87' lang='lat' dir='ltr'>exemplis,</span> <span class='ocrx_word' id='word_1_11' title='bbox 487 850 672 941; x_wconf 88' lang='lat' dir='ltr'>coelumque</span> <span class='ocrx_word' id='word_1_12' title='bbox 690 847 884 938; x_wconf 89' lang='lat' dir='ltr'>erebumque</span> <span class='ocrx_word' id='word_1_13' title='bbox 902 865 1009 919; x_wconf 88' lang='lat' dir='ltr'>tuetur</span> <span class='ocrx_word' id='word_1_14' title='bbox 1030 873 1037 916; x_wconf 93' lang='lat'><strong>:</strong></span> 
     </span>
     <span class='ocr_line' id='line_1_4' title="bbox 118 986 903 1079; baseline -0.003 -22"><span class='ocrx_word' id='word_1_15' title='bbox 118 987 262 1060; x_wconf 90' lang='lat' dir='ltr'>Collocat</span> <span class='ocrx_word' id='word_1_16' title='bbox 280 992 314 1059; x_wconf 92' lang='lat' dir='ltr'>in</span> <span class='ocrx_word' id='word_1_17' title='bbox 333 988 462 1061; x_wconf 88' lang='lat' dir='ltr'>Christo</span> <span class='ocrx_word' id='word_1_18' title='bbox 481 1011 572 1079; x_wconf 86' lang='lat' dir='ltr'>spem</span> <span class='ocrx_word' id='word_1_19' title='bbox 592 986 798 1058; x_wconf 87' lang='lat' dir='ltr'>confirmatus</span> <span class='ocrx_word' id='word_1_20' title='bbox 814 987 903 1076; x_wconf 74' lang='lat' dir='ltr'>jesu,</span> 
     </span>
     <span class='ocr_line' id='line_1_5' title="bbox 118 1126 1023 1227; baseline -0.004 -29"><span class='ocrx_word' id='word_1_21' title='bbox 118 1126 187 1208; x_wconf 89' lang='lat' dir='ltr'>Qui</span> <span class='ocrx_word' id='word_1_22' title='bbox 205 1128 315 1218; x_wconf 83' lang='lat' dir='ltr'>generi</span> <span class='ocrx_word' id='word_1_23' title='bbox 332 1127 474 1227; x_wconf 92' lang='lat' dir='ltr'>humano</span> <span class='ocrx_word' id='word_1_24' title='bbox 493 1146 635 1198; x_wconf 89' lang='lat' dir='ltr'>servator</span> <span class='ocrx_word' id='word_1_25' title='bbox 653 1146 685 1197; x_wconf 92' lang='lat' dir='ltr'>et</span> <span class='ocrx_word' id='word_1_26' title='bbox 703 1126 842 1198; x_wconf 85' lang='lat' dir='ltr'>anchora</span> <span class='ocrx_word' id='word_1_27' title='bbox 859 1147 946 1196; x_wconf 86' lang='lat' dir='ltr'>sacra</span> <span class='ocrx_word' id='word_1_28' title='bbox 964 1144 1023 1195; x_wconf 87' lang='lat' dir='ltr'>est.</span> 
     </span>
    </p>
   </div>
   <div class='ocr_carea' id='block_1_3' title="bbox 104 1361 1051 1734">
    <p class='ocr_par' dir='ltr' id='par_1_3' title="bbox 104 1361 1051 1734">
     <span class='ocr_line' id='line_1_6' title="bbox 203 1361 1051 1453; baseline -0.004 -19"><span class='ocrx_word' id='word_1_29' title='bbox 203 1365 357 1436; x_wconf 85' lang='lat' dir='ltr'>Exhalans</span> <span class='ocrx_word' id='word_1_30' title='bbox 376 1368 516 1435; x_wconf 88' lang='lat' dir='ltr'>animam</span> <span class='ocrx_word' id='word_1_31' title='bbox 534 1367 597 1434; x_wconf 90' lang='lat' dir='ltr'>vita</span> <span class='ocrx_word' id='word_1_32' title='bbox 616 1362 711 1448; x_wconf 90' lang='lat' dir='ltr'>cadit,</span> <span class='ocrx_word' id='word_1_33' title='bbox 733 1364 815 1434; x_wconf 87' lang='lat' dir='ltr'>hanc</span> <span class='ocrx_word' id='word_1_34' title='bbox 833 1361 893 1433; x_wconf 91' lang='lat' dir='ltr'>sibi</span> <span class='ocrx_word' id='word_1_35' title='bbox 910 1361 1051 1453; x_wconf 86' lang='lat' dir='ltr'>praedam</span> 
     </span>
     <span class='ocr_line' id='line_1_7' title="bbox 104 1500 930 1607; baseline -0.004 -35"><span class='ocrx_word' id='word_1_36' title='bbox 104 1504 279 1607; x_wconf 30' lang='lat' dir='ltr'>&#39;Incassum</span> <span class='ocrx_word' id='word_1_37' title='bbox 298 1501 426 1573; x_wconf 86' lang='lat' dir='ltr'>daemon</span> <span class='ocrx_word' id='word_1_38' title='bbox 446 1501 551 1585; x_wconf 87' lang='lat' dir='ltr'><strong>studet</strong></span> <span class='ocrx_word' id='word_1_39' title='bbox 568 1504 633 1571; x_wconf 90' lang='lat' dir='ltr'>ima</span> <span class='ocrx_word' id='word_1_40' title='bbox 652 1504 686 1570; x_wconf 90' lang='lat' dir='ltr'>in</span> <span class='ocrx_word' id='word_1_41' title='bbox 706 1521 819 1571; x_wconf 86' lang='lat' dir='ltr'>tartara</span> <span class='ocrx_word' id='word_1_42' title='bbox 837 1500 930 1571; x_wconf 87' lang='lat' dir='ltr'>ferre.</span> 
     </span>
     <span class='ocr_line' id='line_1_8' title="bbox 116 1638 981 1734; baseline -0.006 -22"><span class='ocrx_word' id='word_1_43' title='bbox 116 1642 292 1712; x_wconf 88' lang='lat' dir='ltr'>Coelestem</span> <span class='ocrx_word' id='word_1_44' title='bbox 311 1641 462 1732; x_wconf 83' lang='lat' dir='ltr'>angelicis</span> <span class='ocrx_word' id='word_1_45' title='bbox 480 1638 626 1709; x_wconf 86' lang='lat' dir='ltr'>manibus</span> <span class='ocrx_word' id='word_1_46' title='bbox 647 1638 786 1709; x_wconf 83' lang='lat' dir='ltr'>defertur</span> <span class='ocrx_word' id='word_1_47' title='bbox 803 1642 837 1707; x_wconf 93' lang='lat' dir='ltr'>in</span> <span class='ocrx_word' id='word_1_48' title='bbox 856 1638 981 1734; x_wconf 86' lang='lat' dir='ltr'>aulam.¹</span> 
     </span>
    </p>
   </div>
   <div class='ocr_carea' id='block_1_4' title="bbox 116 1777 878 1850">
    <p class='ocr_par' dir='ltr' id='par_1_4' title="bbox 116 1777 878 1850">
     <span class='ocr_line' id='line_1_9' title="bbox 116 1777 878 1850; baseline -0.007 0"><span class='ocrx_word' id='word_1_49' title='bbox 116 1781 194 1850; x_wconf 88' lang='lat' dir='ltr'>Haec</span> <span class='ocrx_word' id='word_1_50' title='bbox 213 1779 259 1849; x_wconf 90' lang='lat' dir='ltr'>illi</span> <span class='ocrx_word' id='word_1_51' title='bbox 278 1803 400 1850; x_wconf 89' lang='lat' dir='ltr'>merces</span> <span class='ocrx_word' id='word_1_52' title='bbox 420 1783 471 1849; x_wconf 92' lang='lat' dir='ltr'>cui</span> <span class='ocrx_word' id='word_1_53' title='bbox 491 1798 598 1848; x_wconf 88' lang='lat' dir='ltr'>sancta</span> <span class='ocrx_word' id='word_1_54' title='bbox 617 1777 747 1848; x_wconf 91' lang='lat' dir='ltr'>ecclesia</span> <span class='ocrx_word' id='word_1_55' title='bbox 767 1796 878 1847; x_wconf 89' lang='lat' dir='ltr'>mater.</span> 
     </span>
    </p>
   </div>
   <div class='ocr_carea' id='block_1_5' title="bbox 543 1999 711 2009">
    <p class='ocr_par' dir='ltr' id='par_1_5' title="bbox 543 1999 711 2009">
     <span class='ocr_line' id='line_1_10' title="bbox 543 1999 711 2009; baseline 0 -1"><span class='ocrx_word' id='word_1_56' title='bbox 543 1999 711 2009; x_wconf 55' lang='lat' dir='ltr'>...u-‘a—</span> 
     </span>
    </p>
   </div>
   <div class='ocr_carea' id='block_1_6' title="bbox 358 2130 893 2211">
    <p class='ocr_par' dir='ltr' id='par_1_6' title="bbox 358 2130 893 2211">
     <span class='ocr_line' id='line_1_11' title="bbox 358 2130 893 2211; baseline -0.009 -2"><span class='ocrx_word' id='word_1_57' title='bbox 358 2142 502 2211; x_wconf 83' lang='lat' dir='ltr'>ANIMA</span> <span class='ocrx_word' id='word_1_58' title='bbox 524 2141 671 2208; x_wconf 86' lang='lat' dir='ltr'>ALATA</span> <span class='ocrx_word' id='word_1_59' title='bbox 694 2130 893 2208; x_wconf 68' lang='lat' dir='ltr'>HOMINIS.=</span> 
     </span>
    </p>
   </div>
   <div class='ocr_carea' id='block_1_7' title="bbox 117 2331 1072 4082">
    <p class='ocr_par' dir='ltr' id='par_1_7' title="bbox 117 2303 1072 4082">
     <span class='ocr_line' id='line_1_12' title="bbox 117 2331 771 2421; baseline -0.008 -17"><span class='ocrx_word' id='word_1_60' title='bbox 117 2336 289 2404; x_wconf 86' lang='lat' dir='ltr'>Instructas</span> <span class='ocrx_word' id='word_1_61' title='bbox 308 2333 365 2401; x_wconf 92' lang='lat' dir='ltr'>alis</span> <span class='ocrx_word' id='word_1_62' title='bbox 385 2333 505 2401; x_wconf 88' lang='lat' dir='ltr'>animas</span> <span class='ocrx_word' id='word_1_63' title='bbox 524 2331 643 2400; x_wconf 85' lang='lat' dir='ltr'>finxere</span> <span class='ocrx_word' id='word_1_64' title='bbox 666 2333 771 2421; x_wconf 89' lang='lat' dir='ltr'>periti,</span> 
     </span>
     <span class='ocr_line' id='line_1_13' title="bbox 206 2451 880 2561; baseline -0.009 -20"><span class='ocrx_word' id='word_1_65' title='bbox 206 2471 274 2553; x_wconf 91' lang='lat' dir='ltr'>Qui</span> <span class='ocrx_word' id='word_1_66' title='bbox 293 2493 399 2540; x_wconf 91' lang='lat' dir='ltr'>rerum</span> <span class='ocrx_word' id='word_1_67' title='bbox 418 2494 526 2540; x_wconf 87' lang='lat' dir='ltr'>causas</span> <span class='ocrx_word' id='word_1_68' title='bbox 539 2451 753 2561; x_wconf 75' lang='lat' dir='ltr'>vperdidicere‚</span> <span class='ocrx_word' id='word_1_69' title='bbox 776 2467 880 2557; x_wconf 90' lang='lat' dir='ltr'>sophi.</span> 
     </span>
     <span class='ocr_line' id='line_1_14' title="bbox 119 2605 984 2701; baseline -0.007 -23"><span class='ocrx_word' id='word_1_70' title='bbox 119 2611 250 2701; x_wconf 89' lang='lat' dir='ltr'>Quippe</span> <span class='ocrx_word' id='word_1_71' title='bbox 270 2611 375 2679; x_wconf 88' lang='lat' dir='ltr'>anima</span> <span class='ocrx_word' id='word_1_72' title='bbox 392 2610 427 2677; x_wconf 92' lang='lat' dir='ltr'>in</span> <span class='ocrx_word' id='word_1_73' title='bbox 445 2608 547 2678; x_wconf 88' lang='lat' dir='ltr'>coelos</span> <span class='ocrx_word' id='word_1_74' title='bbox 566 2607 665 2677; x_wconf 86' lang='lat' dir='ltr'>fertur</span> <span class='ocrx_word' id='word_1_75' title='bbox 682 2605 827 2676; x_wconf 89' lang='lat' dir='ltr'>sublimis</span> <span class='ocrx_word' id='word_1_76' title='bbox 846 2624 984 2695; x_wconf 87' lang='lat' dir='ltr'>apertos,</span> 
     </span>
     <span class='ocr_line' id='line_1_15' title="bbox 205 2745 805 2836; baseline -0.002 -19"><span class='ocrx_word' id='word_1_77' title='bbox 205 2749 325 2819; x_wconf 91' lang='lat' dir='ltr'>Intuitu</span> <span class='ocrx_word' id='word_1_78' title='bbox 345 2748 456 2817; x_wconf 86' lang='lat' dir='ltr'>aeterni</span> <span class='ocrx_word' id='word_1_79' title='bbox 475 2745 706 2836; x_wconf 84' lang='lat' dir='ltr'>perfruiturque</span> <span class='ocrx_word' id='word_1_80' title='bbox 724 2745 805 2831; x_wconf 92' lang='lat' dir='ltr'>Dei;</span> 
     </span>
     <span class='ocr_line' id='line_1_16' title="bbox 118 2884 828 2974; baseline -0.003 -20"><span class='ocrx_word' id='word_1_81' title='bbox 118 2886 207 2955; x_wconf 89' lang='lat' dir='ltr'>Duru</span> <span class='ocrx_word' id='word_1_82' title='bbox 225 2884 459 2974; x_wconf 82' lang='lat' dir='ltr'>contemplatur</span> <span class='ocrx_word' id='word_1_83' title='bbox 476 2884 556 2954; x_wconf 88' lang='lat' dir='ltr'>laetis</span> <span class='ocrx_word' id='word_1_84' title='bbox 575 2885 711 2955; x_wconf 87' lang='lat' dir='ltr'>caelestia</span> <span class='ocrx_word' id='word_1_85' title='bbox 733 2886 828 2967; x_wconf 89' lang='lat' dir='ltr'>votis,</span> 
     </span>
     <span class='ocr_line' id='line_1_17' title="bbox 207 3021 893 3113; baseline -0.007 -19"><span class='ocrx_word' id='word_1_86' title='bbox 207 3026 390 3113; x_wconf 88' lang='lat' dir='ltr'>Diviuoque</span> <span class='ocrx_word' id='word_1_87' title='bbox 409 3021 516 3093; x_wconf 87' lang='lat' dir='ltr'>hilaris</span> <span class='ocrx_word' id='word_1_88' title='bbox 533 3024 667 3092; x_wconf 89' lang='lat' dir='ltr'>numine</span> <span class='ocrx_word' id='word_1_89' title='bbox 692 3041 780 3112; x_wconf 85' lang='lat' dir='ltr'>pasta</span> <span class='ocrx_word' id='word_1_90' title='bbox 796 3025 893 3112; x_wconf 88' lang='lat' dir='ltr'>viget.</span> 
     </span>
     <span class='ocr_line' id='line_1_18' title="bbox 119 3159 884 3250; baseline -0.001 -18"><span class='ocrx_word' id='word_1_91' title='bbox 119 3165 241 3232; x_wconf 91' lang='lat' dir='ltr'>Verum</span> <span class='ocrx_word' id='word_1_92' title='bbox 259 3180 425 3232; x_wconf 89' lang='lat' dir='ltr'>momento</span> <span class='ocrx_word' id='word_1_93' title='bbox 444 3159 600 3231; x_wconf 88' lang='lat' dir='ltr'>flaccescit</span> <span class='ocrx_word' id='word_1_94' title='bbox 619 3162 765 3250; x_wconf 88' lang='lat' dir='ltr'>protinus</span> <span class='ocrx_word' id='word_1_95' title='bbox 784 3161 884 3245; x_wconf 89' lang='lat' dir='ltr'>horae,</span> 
     </span>
     <span class='ocr_line' id='line_1_19' title="bbox 208 3297 930 3389; baseline -0.003 -19"><span class='ocrx_word' id='word_1_96' title='bbox 208 3301 278 3370; x_wconf 90' lang='lat' dir='ltr'>Nec</span> <span class='ocrx_word' id='word_1_97' title='bbox 296 3317 439 3370; x_wconf 88' lang='lat' dir='ltr'>remanet</span> <span class='ocrx_word' id='word_1_98' title='bbox 457 3298 553 3380; x_wconf 92' lang='lat' dir='ltr'>claro,</span> <span class='ocrx_word' id='word_1_99' title='bbox 575 3322 640 3389; x_wconf 93' lang='lat' dir='ltr'>quo</span> <span class='ocrx_word' id='word_1_100' title='bbox 660 3297 719 3368; x_wconf 89' lang='lat' dir='ltr'>fuit</span> <span class='ocrx_word' id='word_1_101' title='bbox 740 3317 824 3382; x_wconf 90' lang='lat' dir='ltr'>ante,</span> <span class='ocrx_word' id='word_1_102' title='bbox 845 3299 930 3371; x_wconf 89' lang='lat' dir='ltr'>loco.</span> 
     </span>
     <span class='ocr_line' id='line_1_20' title="bbox 119 3432 863 3529; baseline -0.007 -19"><span class='ocrx_word' id='word_1_103' title='bbox 119 3438 238 3510; x_wconf 89' lang='lat' dir='ltr'>Nubila</span> <span class='ocrx_word' id='word_1_104' title='bbox 255 3439 439 3529; x_wconf 88' lang='lat' dir='ltr'>perstringit</span> <span class='ocrx_word' id='word_1_105' title='bbox 457 3437 559 3528; x_wconf 90' lang='lat' dir='ltr'>caligo</span> <span class='ocrx_word' id='word_1_106' title='bbox 578 3432 700 3506; x_wconf 82' lang='lat' dir='ltr'>lumina</span> <span class='ocrx_word' id='word_1_107' title='bbox 718 3440 834 3508; x_wconf 91' lang='lat' dir='ltr'>mentis</span> <span class='ocrx_word' id='word_1_108' title='bbox 856 3464 863 3505; x_wconf 90' lang='lat'>:</span> 
     </span>
     <span class='ocr_line' id='line_1_21' title="bbox 208 3573 853 3666; baseline 0.005 -23"><span class='ocrx_word' id='word_1_109' title='bbox 208 3573 371 3644; x_wconf 91' lang='lat' dir='ltr'>Deficiunt</span> <span class='ocrx_word' id='word_1_110' title='bbox 388 3573 444 3643; x_wconf 90' lang='lat' dir='ltr'>alae</span> <span class='ocrx_word' id='word_1_111' title='bbox 466 3573 607 3643; x_wconf 90' lang='lat' dir='ltr'>:labitur</span> <span class='ocrx_word' id='word_1_112' title='bbox 628 3600 636 3642; x_wconf 93' lang='lat'>:</span> <span class='ocrx_word' id='word_1_113' title='bbox 658 3577 722 3644; x_wconf 87' lang='lat' dir='ltr'>ima</span> <span class='ocrx_word' id='word_1_114' title='bbox 746 3579 853 3666; x_wconf 90' lang='lat' dir='ltr'>perit:</span> 
     </span>
     <span class='ocr_line' id='line_1_22' title="bbox 121 3709 951 3802; baseline -0.001 -19"><span class='ocrx_word' id='word_1_115' title='bbox 121 3714 278 3783; x_wconf 89' lang='lat' dir='ltr'>Humanis</span> <span class='ocrx_word' id='word_1_116' title='bbox 297 3709 437 3802; x_wconf 77' lang='lat' dir='ltr'>prae&#39;ceps</span> <span class='ocrx_word' id='word_1_117' title='bbox 456 3712 607 3782; x_wconf 89' lang='lat' dir='ltr'>vitiorum</span> <span class='ocrx_word' id='word_1_118' title='bbox 627 3711 800 3784; x_wconf 88' lang='lat' dir='ltr'>involvitur</span> <span class='ocrx_word' id='word_1_119' title='bbox 817 3711 951 3797; x_wconf 90' lang='lat' dir='ltr'>umbris,</span> 
     </span>
     <span class='ocr_line' id='line_1_23' title="bbox 208 3851 851 3942; baseline 0 -22"><span class='ocrx_word' id='word_1_120' title='bbox 208 3853 372 3922; x_wconf 90' lang='lat' dir='ltr'>Virtutum</span> <span class='ocrx_word' id='word_1_121' title='bbox 391 3872 504 3942; x_wconf 87' lang='lat' dir='ltr'>spreta,</span> <span class='ocrx_word' id='word_1_122' title='bbox 527 3876 588 3942; x_wconf 91' lang='lat' dir='ltr'>qua</span> <span class='ocrx_word' id='word_1_123' title='bbox 606 3851 687 3920; x_wconf 91' lang='lat' dir='ltr'>solet</span> <span class='ocrx_word' id='word_1_124' title='bbox 705 3852 763 3936; x_wconf 86' lang='lat' dir='ltr'>ire,</span> <span class='ocrx_word' id='word_1_125' title='bbox 787 3854 851 3921; x_wconf 89' lang='lat' dir='ltr'>via.</span> 
     </span>
     <span class='ocr_line' id='line_1_24' title="bbox 123 3990 1072 4082; baseline -0.002 -22"><span class='ocrx_word' id='word_1_126' title='bbox 123 3993 234 4072; x_wconf 88' lang='lat' dir='ltr'>Quam</span> <span class='ocrx_word' id='word_1_127' title='bbox 253 4014 345 4062; x_wconf 90' lang='lat' dir='ltr'>mens</span> <span class='ocrx_word' id='word_1_128' title='bbox 364 3994 547 4082; x_wconf 86' lang='lat' dir='ltr'>inconstans</span> <span class='ocrx_word' id='word_1_129' title='bbox 566 3991 719 4075; x_wconf 88' lang='lat' dir='ltr'>hominis,</span> <span class='ocrx_word' id='word_1_130' title='bbox 742 4013 839 4082; x_wconf 88' lang='lat' dir='ltr'>quarn</span> <span class='ocrx_word' id='word_1_131' title='bbox 861 3990 979 4060; x_wconf 87' lang='lat' dir='ltr'>lubrica</span> <span class='ocrx_word' id='word_1_132' title='bbox 996 3990 1072 4075; x_wconf 86' lang='lat' dir='ltr'>vita,</span> 
     </span>
    </p>
   </div>
   <div class='ocr_carea' id='block_1_8' title="bbox 212 4130 963 4220">
    <p class='ocr_par' dir='ltr' id='par_1_8' title="bbox 212 4130 963 4220">
     <span class='ocr_line' id='line_1_25' title="bbox 212 4130 963 4220; baseline -0.004 -20"><span class='ocrx_word' id='word_1_133' title='bbox 212 4130 279 4209; x_wconf 92' lang='lat' dir='ltr'>Qui</span> <span class='ocrx_word' id='word_1_134' title='bbox 297 4130 403 4201; x_wconf 90' lang='lat' dir='ltr'>subito</span> <span class='ocrx_word' id='word_1_135' title='bbox 423 4157 439 4199; x_wconf 90' lang='lat' dir='ltr'>e</span> <span class='ocrx_word' id='word_1_136' title='bbox 459 4134 592 4199; x_wconf 89' lang='lat' dir='ltr'>summis</span> <span class='ocrx_word' id='word_1_137' title='bbox 611 4130 728 4220; x_wconf 83' lang='lat' dir='ltr'>lapsus,</span> <span class='ocrx_word' id='word_1_138' title='bbox 750 4132 784 4198; x_wconf 93' lang='lat' dir='ltr'>in</span> <span class='ocrx_word' id='word_1_139' title='bbox 801 4133 866 4198; x_wconf 91' lang='lat' dir='ltr'>ima</span> <span class='ocrx_word' id='word_1_140' title='bbox 884 4130 963 4198; x_wconf 89' lang='lat' dir='ltr'>ruit!</span> 
     </span>
    </p>
   </div>
   <div class='ocr_carea' id='block_1_9' title="bbox 559 4335 716 4348">
    <p class='ocr_par' dir='ltr' id='par_1_9' title="bbox 559 4335 716 4348">
     <span class='ocr_line' id='line_1_26' title="bbox 559 4335 716 4348; baseline -0.013 0"><span class='ocrx_word' id='word_1_141' title='bbox 559 4335 716 4348; x_wconf 52' lang='lat' dir='ltr'>m</span> 
     </span>
    </p>
   </div>
   <div class='ocr_carea' id='block_1_10' title="bbox 0 0 1534 5204">
    <p class='ocr_par' dir='ltr' id='par_1_10' title="bbox 0 0 1534 5204">
     <span class='ocr_line' id='line_1_27' title="bbox 0 0 1534 5204; baseline 0 0"><span class='ocrx_word' id='word_1_142' title='bbox 0 0 1534 5204; x_wconf 95' lang='lat' dir='ltr'> </span> 
     </span>
    </p>
   </div>
  </div>
 </body>
</html>
