3038 5204
563 489 739 607 „254

146 729 255 798 Primo
273 720 422 814 equidem
442 720 519 812 quid
538 742 608 812 agat
627 723 741 791 saliens
761 724 872 792 arteria
890 742 1011 793 scmtor
1031 748 1038 791 :

234 863 373 933 Admota
390 860 517 951 pulsum
534 863 629 951 palpo
647 885 821 953 premoque
840 886 947 932 manu.

145 1005 235 1074 Tum
255 1005 353 1073 vitrea
371 1000 480 1071 sollers
498 1003 623 1070 urinam
642 1022 751 1091 specto
773 1002 909 1072 matella.

233 1145 362 1216 Fundus
381 1145 588 1237 hypostaseos
607 1143 753 1214 morbida
770 1148 860 1235 signa
878 1143 984 1214 refert.
1001 1164 1003 1169 ·

143 1289 235 1356 Hanc
254 1286 309 1356 ubi
328 1289 484 1376 perspexi,
504 1284 696 1355 validissima
713 1282 881 1372 pharmaca
900 1300 1027 1371 praesta.
1052 1325 1056 1334 ·

230 1427 319 1495 Mors
338 1425 464 1495 homini
483 1444 530 1494 est
548 1422 659 1494 validis
681 1420 881 1492 acceleranda
898 1420 1015 1490 modis

143 1563 233 1646 Quid
252 1563 388 1634 multis?
408 1586 528 1653 aegrum
545 1585 638 1644 vexo,
656 1582 725 1645 uto,
746 1581 884 1648 secoque
907 1580 1051 1648 necoque
1072 1582 1080 1625 ε

230 1703 283 1774 Sic
302 1702 433 1772 demum
451 1722 600 1772 aetemam
619 1701 825 1789 consequitur
843 1700 998 1789 requiem.

142 1868 296 1936 Humano
314 1868 421 1957 generi
441 1864 547 1935 tabem
565 1865 794 1954 interitumque
814 1885 921 1952 parare

232 2001 425 2074 Carnificem
442 2002 603 2072 medicum
622 2004 711 2072 mitia
728 2004 795 2090 jura
813 2005 935 2072 sinunt.

463 2234 691 2291 Punuuncoeoan
710 2249 835 2290 mamus.

139 2412 388 2515 pharmacopola
406 2439 519 2500 vocor,
536 2425 634 2486 vocor
651 2415 738 2485 idem
757 2415 1024 2516 pharmacopoeus
1045 2441 1052 2484 :

229 2553 401 2623 Pharmaca
419 2554 506 2644 quod
525 2552 674 2638 vendam,
696 2555 927 2643 conficiamque
946 2552 1052 2621 simul.

116 2691 118 2694 ’
137 2695 343 2784 Simplicium
362 2695 583 2765 nullasfateor
600 2721 653 2766 me
672 2721 802 2766 noscere
820 2700 926 2781 vires3

226 2834 378 2902 Attamen
397 2834 546 2904 antidotis
564 2837 688 2905 misceo
708 2835 807 2906 multa
825 2839 925 2920 meis;

137 2970 209 3039 Sint
226 2973 393 3060 peregrina
411 2972 496 3055 licet,
516 2971 610 3041 surda
628 2992 682 3042 aut
701 2972 844 3056 evanida,
865 2996 963 3055 cassa,

223 3109 410 3193 inveterata,
432 3109 521 3180 olido
540 3111 677 3200 putrida,
698 3131 786 3180 senta
804 3114 889 3196 situ3

137 3245 255 3325 Qualia
272 3246 453 3337 pyxidibus
475 3247 618 3337 capsellis
637 3248 778 3332 condita,
798 3251 833 3317 in
850 3272 945 3318 usum

222 3385 322 3454 Dives
334 3407 506 3456 conservat
524 3407 633 3456 nostra
650 3388 805 3477 apotheca
823 3410 931 3456 suum.
1019 3441 1027 3461 t

134 3523 214 3595 Inde
231 3525 382 3616 equidem
400 3550 439 3595 ex
458 3527 574 3598 medici
592 3532 782 3619 praescriptis
801 3530 970 3620 pharmaca
985 3551 1123 3618 promo:

224 3664 348 3733 Vemm
365 3664 419 3733 illa
436 3667 504 3755 ipsa
522 3690 632 3735 meum
651 3688 795 3757 tempero
815 3667 854 3737 ad
874 3666 1050 3738 arbitrium.

137 3801 171 3870 Si
191 3803 365 3892 quidquam
384 3801 472 3888 defit,
494 3824 569 3875 sunt
586 3805 783 3877 succedanea
801 3826 928 3897 praesto.

223 3940 319 4022 Quid
337 3965 396 4030 pro
415 3967 492 4033 quo,
513 3947 610 4015 simili
630 3947 788 4018 substituo
808 3946 924 4016 simile.

138 4079 306 4169 Explorate
326 4080 431 4166 doses,
452 4107 626 4169 mensuras,
647 4085 802 4176 pondera,
823 4087 862 4157 ad
880 4110 1034 4177 unguem,

226 4220 355 4289 Vanum
372 4239 404 4290 et
421 4226 578 4296 momenti
597 4224 716 4294 nullius
736 4249 805 4294 esse
824 4246 914 4318 puto,
