3038 5204
593 563 769 650 45..

257 768 401 856 Persaepe
419 785 617 851 venatorem,
639 787 670 836 et
689 790 774 837 actes
794 767 924 837 vulnere

345 907 541 977 Gravissimo
560 906 647 975 laedit
666 930 773 976 canes.
850 993 858 1009 ·

255 1044 342 1113 Uvas
358 1043 444 1127 licet,
466 1066 563 1132 poma
583 1064 614 1113 et
633 1046 700 1132 pira
719 1064 751 1114 et
771 1067 860 1134 rapas
881 1043 964 1129 edat,
981 1030 987 1040 ’

346 1182 447 1251 Vesca
465 1201 637 1252 esttamen
659 1205 771 1271 parum
790 1206 875 1253 caro.

508 1433 635 1519 Tnxus,
656 1437 723 1506 sive
741 1436 857 1506 Meus.

258 1656 378 1741 Taxus,
399 1656 532 1727 melisve
554 1681 572 1727 a
589 1657 683 1747 vulpe
703 1603 807 1728 differt
826 1657 990 1747 paululum
1011 1684 1017 1725 :

345 1799 400 1867 Est
417 1799 579 1887 pinguior,
601 1798 676 1868 licet
695 1800 813 1868 minor.

258 1937 362 2025 Hujus
378 1959 479 2025 genus
499 1934 616 2024 duplex
636 1962 642 2005 :
664 1939 816 2007 caninum
834 1959 947 2020 unum,
971 1935 1104 2008 alterum

347 2072 434 2142 Vero
452 2072 582 2142 suillum
604 2073 730 2144 dicitur.

259 2208 382 2280 Pedum
398 2210 531 2301 quidem
549 2231 581 2281 et
599 2215 693 2281 rostri
711 2210 812 2302 figura
830 2209 1008 2302 discrepant
1029 2241 1036 2282 :

348 2347 450 2416 Suum
469 2346 534 2432 hic,
555 2370 672 2418 canum
691 2347 743 2418 ille
764 2348 830 2420 edit
849 2348 948 2419 cibos.
1054 2432 1060 2442 .

259 2485 392 2571 Villosa,
413 2506 560 2578 uterque,
579 2488 706 2559 sordida
725 2508 756 2558 et
776 2487 853 2558 dura
871 2509 919 2558 est
937 2506 1022 2572 cute,

348 2625 467 2695 Partim
484 2623 585 2710 albus,
605 2645 637 2695 et
654 2628 769 2715 partim
788 2628 890 2716 niger.

262 2764 315 2835 Est
333 2786 424 2853 asper
441 2782 473 2834 et
491 2762 634 2847 mordax,
655 2784 764 2835 acutus
784 2762 932 2834 dentibus
955 2784 962 2829 :

348 2903 478 2993 Ineptus
497 2922 528 2972 et
545 2906 687 2974 venatui.

262 3038 400 3128 Vagatur
419 3041 453 3107 in
472 3038 558 3108 silvis
580 3065 586 3107 :
609 3063 758 3110 cavernas
777 3039 900 3122 incolit,

351 3178 534 3269 Specusque
553 3177 786 3249 subterraneos.

262 3315 360 3387 Mella
376 3319 496 3407 appetit
513 3316 664 3408 favosque
684 3316 858 3406 praedulces
883 3339 989 3406 apum,

351 3456 453 3524 Furax
465 3457 573 3525 'inanit
591 3454 711 3525 alveos.

263 3593 444 3683 Apponitur
463 3593 583 3660 mensis
602 3594 675 3661 caesi
695 3613 767 3661 caro
785 3590 889 3674 melis,

352 3728 451 3798 Cibus
470 3730 591 3816 saporis
611 3728 696 3796 haud
714 3728 801 3797 mali.

265 3870 350 3941 Pelle
370 3869 566 3960 obteguntur
584 3889 615 3939 et
633 3870 788 3959 pharetrae
808 3891 839 3940 et
859 3869 972 3954 helcia,

352 4012 397 4081 Ut
416 4030 447 4080 et
466 4033 582 4078 canum
601 4010 739 4080 collaria.

263 4151 411 4240 Axungia
428 4168 460 4220 et
478 4149 641 4239 pinguedo
660 4145 812 4218 membris
831 4146 908 4217 illita

353 4287 483 4358 Emollit
501 4306 594 4378 atque
614 4287 747 4358 calfacit.
