3038 5204
677 553 721 565 -
750 536 810 602 137
835 550 878 565 ..

673 721 887 790 anneum.

263 912 336 980 Una
355 935 483 981 crucem
502 911 619 982 Christi
639 935 765 996 manus,
786 932 816 982 et
835 912 916 1001 gerit
934 910 1029 980 altera
1047 927 1228 998 sceptrum:

350 1050 430 1118 Haec
449 1048 513 1120 duo
531 1070 605 1121 sunt
623 1053 720 1120 animi
737 1049 881 1140 symbola
899 1034 1061 1138 morigeri.

733 1246 813 1313 PAx.

261 1436 386 1527 Frango
408 1458 493 1504 arma
516 1463 523 1504 ι
547 1456 577 1505 et
595 1436 692 1507 festos
711 1434 825 1525 palmae
845 1452 937 1524 atque
955 1436 1092 1504 virentes
1111 1431 1204 1500 olivae
1267 1490 1270 1496 .

348 1573 495 1644 Paciferis
513 1598 620 1644 ramos
640 1575 721 1644 alma
740 1597 816 1663 gero
835 1570 994 1641 manibus.

669 1769 872 1839 C0Ne0Rn1A.

259 1961 421 2032 Fasciculo
440 1963 549 2050 signor
568 1959 716 2043 telorum,
739 1960 975 2050 turturibusque
998 1987 1004 2028 :

347 2103 441 2191 AEgre
461 2100 547 2192 quod
565 2106 671 2190 rumpi
691 2100 811 2170 foedera
829 2105 935 2190 juncta
953 2105 1067 2170 sinam.

667 2294 870 2362 AETBRNITAS.

259 2483 404 2553 Circulus
424 2502 574 2552 aeternam
593 2507 657 2566 me,
679 2486 828 2571 praeteriti
848 2503 941 2574 atque
960 2483 1058 2553 futuri

346 2624 401 2692 Me
419 2646 551 2714 gnaram
571 2621 692 2692 bifrons
711 2646 779 2691 esse
797 2622 891 2693 docet
911 2624 1020 2693 facies.

546 2832 556 2921 j
633 2830 745 2900 T1MOR
767 2833 901 2902 DOMINI.

256 3025 351 3113 Lege,
372 3022 509 3111 tubaque
527 3024 588 3091 Dei
609 3024 744 3091 Domini
763 3023 895 3112 designo
915 3025 1064 3092 timorem
1086 3047 1093 3090 ι

342 3163 469 3233 Nuncia
488 3163 538 3232 lex
556 3187 663 3253 poenae
685 3184 742 3246 est,
768 3185 799 3232 et
821 3163 896 3232 tuba
914 3163 1040 3253 judicii.

702 3371 828 3438 Pueris,

256 3564 347 3634 Olim
366 3586 401 3635 ut
418 3565 585 3655 flagrantes
604 3589 676 3650 arae,
697 3586 789 3657 atque
810 3568 943 3650 ciconia,
966 3571 1011 3637 sic
1031 3591 1115 3636 nunc

343 3703 438 3792 Signa
458 3706 518 3792 piae
537 3707 654 3772 mentis
674 3725 747 3773 sunt
765 3704 885 3794 globuli
905 3684 998 3794 etque
1017 3705 1106 3774 liber.

658 3898 877 3966 Poemmim.

253 4091 313 4156 His
332 4109 493 4158 metanoea
512 4110 583 4159 utor
603 4089 708 4159 delicti
731 4092 859 4160 conscia
878 4093 974 4179 virgis
997 4118 1003 4158 :

342 4227 483 4319 Moxque
501 4228 599 4312 lavor,
621 4229 751 4320 lympha
769 4231 983 4321 purificorque
1003 4253 1100 4297 sacra.
