3038 5204
700 525 743 535 -
767 486 806 554 81
832 524 877 537 ..

524 713 620 784 Surus
638 733 718 784 urus
737 734 820 784 turs
837 735 1041 788 stuuuu‘ruu.

270 928 348 1007 Quo
365 945 531 1000 venatores
551 927 662 999 oculos
679 928 784 997 lavere
802 931 920 1013 catino,

268 1071 329 1141 Pro
348 1070 489 1161 lymphis
506 1071 622 1140 indunt
641 1073 763 1142 viscum
785 1099 793 1142 z
814 1095 891 1141 mox
910 1073 1004 1142 simia
1021 1075 1109 1144 visco

268 1210 318 1280 Os
335 1208 510 1300 oculosque
528 1210 611 1280 lavat
631 1234 639 1278 τ
661 1213 783 1300 capitur
799 1210 888 1281 lento
907 1229 1003 1280 uncta
1019 1210 1155 1301 liquore.

265 1346 379 1419 Incidit
397 1366 429 1418 et
447 1347 578 1438 caligata
596 1350 630 1416 in
649 1346 736 1419 idem
755 1349 949 1443 quandoque
967 1352 1134 1442 periclum.

504 1640 651 1710 Bumtus
668 1660 850 1712 torremur
868 1664 890 1709 A
908 1663 1054 1712 ctuuus.

264 1881 401 1954 Bubtlus
417 1885 559 1974 agrestis,
580 1883 718 1967 rabidus,
739 1901 810 1953 trux
828 1901 860 1954 et
876 1883 960 1952 ferus
979 1901 1027 1952 est
1045 1879 1114 1951 bos.

262 2019 460 2091 Indomitum
478 2040 513 2092 ut
531 2023 656 2110 capiant
674 2023 796 2111 equites
815 2021 1013 2111 peditesque,
1033 2021 1190 2111 frequenti

263 2158 390 2229 Latratu
408 2181 566 2249 cursuque
584 2182 701 2229 canum
718 2182 891 2250 morsuque
909 2161 1053 2251 fatigant,

262 2295 377 2368 Donec
393 2295 484 2368 humi
499 2311 589 2369 'vasto
607 2296 795 2387 procumbat
814 2320 946 2388 corpore
965 2297 1078 2368 fessus.

479 2565 641 2638 Cuurcuu
658 2588 679 2633 A
697 2585 850 2637 citurus
869 2585 1073 2640 FALLuNTUR.

260 2822 401 2894 Callidus
419 2823 542 2894 effossis
560 2824 682 2896 latitare
701 2826 867 2896 cuniculus
886 2818 983 2896 antris

261 2962 300 3032 Et
316 2985 468 3052 generare
485 2962 579 3034 solet.
601 2963 725 3034 Verum
743 2985 886 3054 persaepe
907 2961 1011 3032 catelli

259 3101 439 3192 Anglorum
456 3102 573 3172 celeres
591 3101 704 3172 fallunt
722 3125 819 3191 pecus
842 3125 850 3173 ε
871 3124 927 3172 ore
946 3098 1150 3190 prehendunt

259 3236 391 3310 illusum
411 3263 419 3309 ε
442 3238 582 3331 ptaedam
599 3239 807 3328 venatorique
827 3238 1019 3308 ministrant.

445 3520 563 3588 Plutus
581 3518 705 3590 Tuscu
723 3539 913 3593 sectemur
932 3540 1082 3591 turouus.

259 3786 336 3857 Non
354 3782 479 3875 lepores
497 3783 629 3855 canibus
648 3802 786 3870 tantum,
807 3786 900 3854 saevis
918 3806 1047 3874 quoque
1067 3781 1173 3874 pardis

258 3920 377 3991 Sectari
393 3920 525 3992 timidos
542 3921 658 3991 Turcis
676 3921 876 4011 magnatibus
896 3940 943 3992 est
960 3943 1044 3992 mos.
1112 3935 1114 3940 ’

257 4058 426 4130 venatoris
445 4062 519 4150 equi
538 4058 700 4148 ptaevelox·
717 4058 817 4130 bestia
835 4077 925 4150 tergo

224 4276 227 4283 ,
256 4195 375 4268 Insidet
400 4223 409 4267 ι
430 4197 506 4268 hinc
520 4197 635 4268 saliens
654 4216 864 4287 conspectum
883 4197 981 4267 fertur
999 4197 1033 4267 iu
1053 4193 1192 4267 hostem.
