3038 5204
684 516 860 603 ..64-

543 739 696 822 Ecumus,
714 742 784 811 sive
803 741 996 813 Euuacuus.
1063 758 1066 763 ·

392 945 545 1030 Echinus,
567 948 675 1030 instar,
697 970 832 1036 magnus
852 968 911 1034 est,
932 949 1084 1035 cuniculi,

436 1083 583 1152 formam
602 1102 710 1152 tamen
729 1083 859 1172 porcelli
880 1083 986 1157 habet.

392 1220 543 1304 Dumetn,
565 1242 668 1310 sepes,
689 1220 811 1304 vineas,
831 1219 940 1291 hortos
958 1220 1039 1307 obit,

435 1357 642 1427 Potissimum
662 1374 816 1426 autumno
834 1355 981 1449 frequens
1001 1380 1010 1427 ε

391 1496 553 1586 Praesagus
573 1517 648 1565 uvas
667 1513 761 1584 atque
780 1516 877 1585 poma
895 1497 1041 1586 congerit
1062 1521 1070 1565 :
1098 1498 1101 1502 ’

435 1634 474 1703 Et
491 1634 526 1702 in
543 1655 618 1702 cava
636 1630 785 1701 arborum
802 1632 890 1704 vehit
909 1658 917 1702 ι

390 1772 476 1858 Cito,
497 1790 667 1862 antequam
685 1769 826 1840 brumale
845 1769 943 1860 frigus
961 1790 1083 1861 urgeat,

434 1908 581 1978 Densum
600 1910 633 1976 in
653 1906 758 1979 cubile
777 1907 933 1998 confugit.

390 2048 483 2118 Hirto
500 2046 621 2117 obsitus
640 2048 739 2136 spinis
759 2049 859 2118 acutis
877 2051 1023 2138 corpore,

433 2182 475 2252 Se
493 2202 582 2253 caute
601 2184 635 2253 in
654 2182 766 2254 orbem
783 2184 953 2271 contrahit,
1098 2288 1102 2295 Ι

389 2321 428 2391 Et
444 2319 544 2392 volvit
563 2322 597 2390 in
615 2320 752 2392 formam
772 2320 919 2394 rotundae
937 2324 983 2392 sic
1001 2322 1087 2412 pilae,

433 2462 477 2532 Ut
494 2461 724 2552 comprehendi
743 2487 826 2555 aegre
845 2485 952 2556 queat.

389 2600 482 2670 Cocti
502 2618 549 2669 est
569 2599 673 2669 echini
691 2619 778 2691 grata
796 2601 962 2674 edentibus
980 2626 1065 2688 caro,

432 2735 646 2828 Morbumque
665 2758 754 2809 sanat
773 2738 923 2811 colicum.

486 3011 619 3081 Hrsrnnr
638 3012 704 3082 sive
722 3013 850 3084 Poncus
870 3035 1034 3087 sinuosus.

387 3228 508 3298 Histrix
527 3230 561 3298 in
579 3229 695 3299 Africae
714 3228 878 3323 Indiaeque
896 3231 1023 3303 fervidis

431 3367 639 3437 Potissimum
657 3370 735 3438 vivit
752 3368 843 3440 locis.

388 3503 541 3592 Spinosus
560 3502 634 3574 inde
654 3504 769 3576 dicitur
788 3530 915 3596 porcus,
934 3507 1014 3579 stilis
1126 3487 1128 3491 Ι

431 3642 531 3722 Quod
549 3642 670 3713 obsitus
687 3646 729 3716 sit
747 3647 877 3737 spineis

390 3777 538 3871 Namque
557 3805 596 3851 ex
614 3781 802 3853 echinorum
821 3782 893 3854 rudi
910 3784 1097 3874 propagine,
1149 3805 1153 3813 ·
1203 3839 1213 3862 >

431 3926 541 3994 Pinnis
560 3925 692 4017 quidem
711 3927 896 4018 maioribus,

386 4063 653 4157 Acutioribusque
672 4064 768 4156 longe
788 4068 928 4160 spiculis,

431 4198 515 4280 Quae
534 4201 668 4290 piurima
687 4205 721 4273 in
739 4225 828 4295 tergo
847 4206 950 4296 erigit,
1001 4190 1006 4199 ¹
