3038 5204
680 523 855 589 „37..

256 701 301 772 Ut
318 702 373 771 fiat
390 703 478 771 tenui
496 700 585 802 cibus
605 700 725 770 colono
746 727 754 769 :

256 841 379 908 Verum
396 842 501 928 junior
518 861 549 910 et
566 838 682 908 laboris
701 864 812 930 expers

256 980 311 1049 Est
326 979 420 1048 lautae
438 981 540 1068 magis
562 979 648 1048 utilis
667 979 794 1048 culinae.

685 1189 834 1261 Taunus.

259 1362 333 1430 Dux
350 1380 457 1431 taurus
475 1364 610 1450 pecoris,
633 1365 776 1450 juvencae
795 1383 936 1448 amator;
1021 1341 1028 1354 ’

258 1498 446 1583 Vaccatum,
467 1501 553 1569 coitu
573 1519 700 1589 potens,
720 1502 850 1569 maritus
872 1526 879 1568 :

257 1636 418 1721 Lascivus,
437 1636 593 1726 petulans,
616 1660 743 1725 procare,
763 1636 906 1725 petulcus
926 1658 933 1702 ι

258 1776 382 1843 Firmus
400 1798 545 1864 corpore,
564 1775 746 1864 viribusque
764 1772 852 1843 fortis
874 1799 881 1841 :

258 1912 393 1982 Bellator
408 1912 504 1996 ferus,
526 1930 557 1980 et
574 1912 695 1994 furens,
716 1930 748 1979 et
769 1911 880 1994 audax,

258 2044 373 2112 Fronte
390 2063 422 2112 et
440 2042 589 2112 cornibus
606 2045 733 2131 impetit
750 2042 891 2111 valenter
913 2067 920 2110 :

143 2221 147 2229 ·
258 2179 402 2248 Rivalem
418 2179 505 2269 fugat
522 2181 785 2268 impotentiorem
807 2204 814 2246 :

259 2317 386 2406 Mugitu
405 2340 537 2386 nemora
555 2316 666 2406 impiet
684 2292 721 2385 et
735 2315 843 2385 boatu.

261 2453 355 2523 Solus
372 2453 526 2523 foemineo
544 2457 631 2545 gregi
652 2453 787 2544 placere,

259 2593 417 2681 Armento
434 2589 539 2660 studet
556 2593 711 2680 imperare
730 2591 828 2660 solus

259 2729 362 2817 Aptus
381 2730 497 2811 currui,
519 2747 550 2798 et
568 2748 658 2817 aptus
683 2747 731 2796 est
752 2746 853 2797 aratro
876 2752 883 2795 ε

262 2861 479 2954 Mactatusque
498 2863 534 2933 fit
553 2887 624 2933 esca
642 2884 729 2954 grata
753 2867 867 2934 ventri.

717 3068 820 3136 Unus,

264 3241 347 3310 Urus
365 3244 445 3312 tauri
465 3242 615 3334 equidem
632 3242 726 3313 refert
744 3242 896 3334 figuram3

263 3379 421 3458 Quamvis
440 3380 540 3451 ferme
558 3381 733 3472 elephantis
752 3385 849 3452 instar
866 3385 1002 3473 ingens3

263 3517 421 3608 Degitque
440 3520 609 3609 Hercyniae
628 3522 663 3587 in
681 3518 760 3589 locis
780 3521 887 3610 opacis

264 3648 358 3719 Silvae
379 3676 387 3719 :
409 3655 538 3742 agrestis
556 3673 588 3722 et
606 3654 732 3738 efferus,
752 3679 812 3725 nec
832 3674 897 3726 arte

265 3789 335 3859 Nec
352 3791 396 3873 vi,
416 3813 475 3860 nec
492 3791 645 3862 violentia
663 3792 823 3878 domatur,

264 3927 335 3996 Nec
353 3947 524 4016 conspecto
544 3927 681 4014 homini,
703 3929 777 3999 ferae
797 3954 858 3999 nec
876 3930 933 3999 ulli

265 4063 368 4132 Parcit
388 4088 395 4132 :
417 4088 493 4132 mox
510 4067 630 4134 etenim
648 4068 774 4157 insequi
796 4069 986 4158 assequique

267 4199 370 4269 Cursu
389 4201 538 4288 perceleri
554 4221 659 4292 potest
677 4203 815 4292 fugaces.
