3038 5204
692 544 870 631 ..48-

362 741 489 828 Firmis‚
512 743 657 831 aduncis,
678 767 773 839 atque
791 747 887 840 longe
905 745 1114 831 exstantibus,

361 881 457 967 Latis,
480 884 617 968 retortis,
639 882 838 978 horridisque
857 885 1006 957 dentibus

361 1019 437 1089 Sese
454 1022 566 1090 acriter
583 1020 736 1107 defendit,
757 1022 886 1094 arbores
900 1044 998 1109 secat,

361 1155 555 1247 Pinguisque
574 1160 660 1228 succi
679 1161 813 1230 cortices
832 1158 965 1230 mordax
982 1159 1059 1230 edit.

360 1294 571 1365 Mollissimus
589 1295 683 1386 pelle,
705 1315 737 1367 et
755 1297 822 1389 pilo
840 1297 1085 1388 pulcherrimus.

357 1430 452 1502 Pellis
470 1431 613 1526 quidem,
632 1432 755 1520 caudae,
775 1454 869 1528 atque
888 1439 1017 1509 testium
1035 1434 1143 1507 studet

358 1572 461 1669 Causa
479 1575 605 1666 insequi
622 1594 756 1644 venator
774 1598 846 1644 acer
863 1593 1022 1645 castorem
1044 1599 1052 1642 :

357 1710 441 1780 Pelle
460 1729 495 1781 ut
512 1731 645 1802 tegatur,
667 1710 804 1781 caudam
822 1711 906 1796 edat,
926 1730 1023 1782 testes
1042 1709 1137 1779 bonis

357 1847 401 1918 Ut
419 1849 551 1918 misceat
569 1847 642 1918 loco
662 1847 796 1919 medelae
815 1848 1005 1939 pharmacis.
1090 1881 1096 1891 ·

716 2077 840 2147 Lunna.

358 2277 466 2361 Lutra,
487 2296 536 2348 est
553 2276 624 2347 fibri
641 2300 755 2368 genus,
777 2276 884 2344 minor
901 2291 1010 2343 tamen
1028 2269 1124 2355 fibro,

283 2451 289 2462 ·
356 2413 528 2505 Caudaque
548 2413 697 2484 differens
719 2439 727 2485 ι
749 2414 912 2504 aquaticus
930 2411 1018 2479 canis

352 2554 476 2638 Dictus,
498 2552 585 2648 quod
605 2573 640 2623 ut
658 2573 767 2637 terras,
788 2576 884 2644 aquas
902 2554 947 2620 sic
966 2549 1097 2621 incolat.

353 2690 488 2761 Mordax
505 2693 604 2762 acutis
622 2672 781 2775 dentibus,
800 2692 902 2781 pisces
917 2688 994 2772 edit,

354 2831 393 2900 Et
411 2831 556 2914 cortices,
576 2827 884 2920 fructusquedulces
904 2826 1065 2896 arborum.

352 2965 577 3068 pulcherrimis
594 2966 711 3056 pellem
728 2965 801 3056 pilis
817 2962 1007 3055 perdensam
1028 2959 1124 3032 habet

352 3101 627 3194 Mollissimisque‚
647 3105 784 3172 vestium
805 3105 869 3171 oris
888 3124 1076 3191 congruam.

352 3239 499 3311 Offendit
517 3259 623 3311 autem
641 3240 741 3311 odore
759 3264 851 3309 nares
869 3239 997 3311 foetido.

351 3380 390 3449 Et
407 3367 532 3470 frigida,
553 3399 585 3449 et
602 3403 715 3469 parum
734 3376 867 3447 salubris
886 3398 934 3448 est
953 3400 1038 3448 caro.

553 3605 688 3713 Hucps,
710 3607 830 3690 Cannu,
851 3606 985 3674 quus.

351 3807 467 3879 Hircus
485 3833 650 3900 caprarum
669 3813 814 3901 corniger
844 3820 847 3826 '

316 3965 319 3978 ’
350 3948 495 4032 Maritus,
518 3968 612 4038 atque
631 3946 695 4016 dux
712 3949 827 4038 gregis,

346 4086 477 4172 Procax,
498 4085 655 4176 petulcus,
676 4087 820 4176 pruriens
886 4162 894 4184 ,

349 4223 387 4293 Et
406 4225 543 4296 fervidus
561 4224 706 4295 libidine.
