3038 5204
697 501 738 515 -
762 484 805 550 74
828 498 872 515 .-

541 687 686 757 Eeaturas
704 706 744 756 nn
762 705 887 757 nonnas
904 707 1030 760 vrcrtts.

276 909 415 980 Annibal
433 912 466 979 in
486 907 569 979 bello
587 928 695 999 captos
717 911 889 1002 confligere
909 917 995 1004 cogit

274 1048 359 1116 Inter
378 1070 411 1114 se
433 1070 441 1114 ι
462 1065 586 1115 tanturn
604 1066 747 1135 superest
765 1070 803 1117 ex
821 1047 972 1119 omnibus
990 1073 1072 1120 unus
1095 1077 1101 1119 :

274 1186 335 1255 Hic
354 1182 452 1255 bardo
470 1182 617 1274 objicitur
638 1211 645 1252 ε
668 1204 830 1275 superatur
848 1184 951 1256 bellua
970 1212 977 1255 :
999 1190 1103 1259 victor

272 1323 399 1393 Dimitti
418 1342 539 1412 pactus,
561 1320 639 1392 (lum
656 1325 760 1411 poscit
779 1322 876 1409 abire,
906 1344 1046 1397 necatur.

466 1616 610 1685 Etannas
629 1634 669 1683 ur
687 1615 756 1684 Leo
775 1636 796 1684 a
815 1637 899 1686 cartu
915 1639 1103 1689 tractarunt.

271 1872 408 1962 Magnus
425 1871 603 1941 Alexander
622 1869 742 1961 populo
760 1871 937 1961 spectacula
955 1871 1085 1962 praebet.

271 2007 464 2077 Concertant
482 2011 568 2078 canis
587 2027 618 2078 et
635 2007 742 2077 barrus
764 2033 771 2076 :
794 2006 921 2078 barrum
941 2011 1028 2079 canis
1048 2034 1120 2081 acer

270 2149 396 2216 Latratu
418 2166 564 2231 exterret,
586 2167 719 2215 stratum
738 2166 903 2216 necatore
922 2168 1066 2232 cruent0,

270 2285 361 2365 Quin
380 2287 474 2355 etiam
492 2284 638 2354 rabidum
656 2304 844 2376 superatque
861 2306 1015 2379 necatque
1034 2286 1178 2358 leonem.

499 2570 568 2638 Leo
587 2590 745 2638 raannan
764 2589 898 2640 suemus
916 2589 1062 2640 cannen.

269 2821 348 2888 Astu
368 2823 422 2910 qui
441 2840 586 2909 satagunt
603 2821 743 2891 validum
762 2820 931 2912 illaqueare
951 2819 1093 2906 leonem,

268 2956 402 3025 Taedam
421 2958 536 3027 alacres
554 2958 645 3042 lava,
667 2958 774 3029 dextra
792 2982 858 3049 quo
877 2977 1016 3028 avertere
1034 2963 1158 3051 possint

268 3099 297 3165 A
316 3098 394 3165 facie
413 3097 586 3181 flammam,
607 3118 731 3189 gestant
749 3116 875 3168 scutum
898 3123 906 3165 :
926 3097 979 3167 leo
1000 3098 1138 3169 flammae

269 3233 464 3324 Adspectum
482 3236 618 3326 fugitans
637 3256 789 3326 praetenta
811 3239 844 3305 in
863 3239 940 3308 retia
957 3240 1064 3308 currit.

466 3515 534 3583 Leo
552 3537 639 3585 verns
658 3504 825 3585 onnucrus
844 3535 1077 3584 turenncnua.

268 3772 343 3839 Arte
365 3769 417 3839 leo
437 3772 546 3840 astutis
565 3772 644 3839 mira
661 3787 824 3858 superatur
841 3767 879 3834 ab
899 3764 993 3834 Afris.

268 3909 386 3977 Muniti
405 3927 576 3978 occurrunt
595 3906 719 3998 gladiis,
741 3925 772 3975 et
791 3929 873 3974 saeva
892 3903 994 3972 leonis

267 4046 387 4134 Injecto
406 4047 500 4135 capiti
518 4047 743 4135 praestringunt
759 4043 880 4111 lumina
897 4064 1015 4130 panno.
1098 4045 1102 4051 ’

268 4183 455 4257 Obductum
472 4181 556 4265 vela,
579 4183 688 4252 lethali
708 4183 838 4251 vulnere
855 4179 993 4260 eaedunt.
