3038 5204
700 573 745 593 .-
767 541 809 627 76
833 576 878 592 .-

428 769 541 854 Cunvr,
563 787 692 852 cenum,
714 789 872 840 camon
890 788 1155 847 nuaonunurun.

274 986 364 1058 Sardi
382 989 506 1079 equites
523 1010 634 1059 cervos
654 1007 686 1058 et
703 1009 824 1073 cervas,
844 987 1098 1080 capreolosque;

274 1127 378 1198 Velox
396 1126 452 1198 sed
469 1126 621 1199 timidum
639 1151 740 1218 genus
759 1148 796 1196 ac
812 1125 941 1198 imbelle
959 1126 1099 1197 ferarum
1115 1154 1124 1212 3

274 1268 351 1338 Non
369 1266 458 1337 hasta
475 1287 607 1338 suerunt
624 1268 675 1338 vel
693 1285 785 1337 acuto
803 1265 901 1357 figere
919 1265 998 1350 telo,
1067 1291 1070 1295 ’

273 1407 331 1474 Ast
349 1425 433 1475 torto
451 1406 570 1477 collum
590 1427 643 1477 aut
661 1429 762 1477 cornu
783 1405 980 1477 circumdare
999 1405 1087 1476 lune.

544 1693 623 1761 Aret
641 1712 848 1762 renuuntur
869 1710 1006 1760 semen.

269 1921 414 2010 Explosis
433 1943 523 2010 apros
543 1945 609 1992 uno
629 1924 725 1992 simul
743 1926 863 2014 impete
881 1923 1024 2014 sclopis3

270 2059 414 2149 Corpora
430 2059 508 2130 dum
529 2063 612 2151 turpi
629 2063 663 2130 in
682 2084 781 2132 coeno
797 2080 901 2131 setosa
918 2060 1064 2132 volutant
1078 2086 1088 2145 ;

271 2199 477 2289 Opprimere,
497 2219 529 2269 et
548 2199 633 2297 duris
651 2200 796 2271 occidere
814 2198 994 2291 glandibus,
1017 2223 1065 2270 ars
1084 2219 1132 2269 est
1155 2227 1162 2269 :
1245 2292 1248 2297 ι

272 2337 378 2408 Hastis
398 2340 506 2409 venari
526 2362 601 2409 cum
620 2341 661 2409 sit
679 2362 729 2409 tes
748 2338 842 2428 plena
860 2338 983 2428 pericli.

455 2641 563 2711 Ursus
582 2663 604 2710 u
624 2661 700 2711 vruo
719 2661 856 2711 annaeo
874 2660 1106 2713 mensuetus.

272 2893 355 2963 Ense
374 2914 484 2961 ursum
504 2890 625 2960 invadit
642 2889 790 2960 rabidum
808 2890 1026 2980 cataphractus
1047 2915 1055 2958 :
1076 2908 1108 2960 at
1125 2912 1216 2960 ursus

270 3030 439 3121 Unguibus
457 3031 607 3120 arripiens
626 3030 793 3099 hominem
813 3047 945 3100 conatur
957 3027 1096 3115 aduncis

268 3169 415 3240 Sternere
434 3189 466 3239 et
483 3189 606 3240 erectus
624 3171 840 3260 nequicquam
859 3165 978 3236 lubrica
997 3184 1126 3256 prensat

268 3311 366 3380 Arma
386 3333 394 3380 :
416 3307 499 3379 cadit
516 3306 647 3378 tandem
665 3306 832 3394 transfixus
850 3307 970 3376 viscera
988 3303 1085 3374 ferro.

711 3445 718 3475 l

469 3595 608 3666 Semnus
627 3612 707 3664 lem
726 3611 880 3666 mettun
898 3613 919 3661 A
938 3592 1089 3664 Rusuno.

271 3834 398 3912 Attilius
418 3840 530 3910 consul
548 3842 726 3926 Romanus,
746 3841 900 3931 Regulus,
921 3865 1006 3926 arcu,

269 3977 364 4064 Telo,
385 3979 485 4065 hasta,
505 3980 621 4071 jaculo,
640 3980 741 4052 multa
758 4003 833 4052 cum
851 3980 941 4054 clade
958 4003 1103 4064 suorum,

266 4117 380 4188 Afrum
398 4139 591 4210 serpentem,
612 4119 722 4210 lingua
739 4119 884 4190 vibrante
902 4120 1074 4203 minacem,

267 4253 356 4344 Gyro
374 4254 560 4342 terribilem,
581 4257 683 4329 victor
700 4255 830 4328 tandem
849 4259 1021 4348 superavit.
