3038 5204
688 499 733 511 ..
756 464 797 529 82
820 497 865 510 .-

428 695 567 763 Νιιιιιτι
584 709 779 761 conuentu
796 707 936 757 srouuns
953 709 975 755 ι
992 706 1124 756 uaurrs.

268 908 395 999 anhta
412 906 578 977 bituminis
597 922 643 974 cst
662 901 775 995 liquidi
791 926 892 994 genus
913 927 922 970 t
943 904 977 970 in
995 925 1084 971 mare
1102 919 1213 971 manat

269 1045 465 1115 Montibuse
484 1042 610 1126 Siculis,
630 1040 800 1132 fluidisque
818 1058 999 1130 supernatat
1017 1039 1115 1109 undis
1137 1065 1146 1107 ε

268 1185 410 1276 Spongia
426 1206 498 1252 eam
515 1182 676 1271 excipiunt
693 1199 809 1264 nautae,
830 1202 1073 1270 expressamque
1091 1176 1269 1248 recondunt

267 1322 364 1405 Ollis,
384 1340 419 1391 ut
436 1322 539 1391 varios
556 1320 727 1390 hominum
746 1337 888 1389 servetur
906 1318 940 1387 in
959 1341 1047 1387 usus.

535 1619 664 1689 Curvus
682 1639 794 1688 ranurr
814 1639 1015 1690 vxunronus.

266 1860 296 1929 A
315 1856 445 1927 canibus
461 1879 571 1926 cervus
589 1854 782 1948 quandoque
802 1859 936 1948 agitatus
954 1856 1075 1942 odoris,

268 1995 355 2067 Saltu
372 1998 406 2064 in
425 1994 518 2065 dorsa
535 1996 634 2066 boum
651 1996 783 2086 pavidus
799 1996 972 2068 formidine
990 1997 1089 2068 fertur
1110 2022 1119 2066 :

269 2132 399 2203 Arboris
418 2152 472 2202 aut
488 2133 559 2203 altae
576 2136 673 2203 ramis
690 2158 747 2204 sua
765 2157 885 2207 cornua
902 2136 973 2227 figit
992 2162 1000 2205 ε

269 2274 331 2364 Spe
348 2271 478 2344 tandem
496 2272 611 2362 praedae
631 2272 708 2343 dum
727 2277 856 2345 cesserit
875 2274 976 2346 hostis
994 2277 1095 2346 inani.

445 2566 605 2637 Vnuxron
623 2589 643 2634 ι
662 2586 869 2638 snxnnurnus
889 2587 1124 2640 munnnrcrrux.

271 2811 362 2899 Saepe
381 2807 512 2900 quidem
531 2811 676 2880 incantus
695 2828 827 2880 venator
845 2812 879 2879 in
898 2827 999 2894 antra,
1018 2831 1181 2893 cavernas,

271 2949 310 3018 Et
327 2949 408 3017 Latii
427 2967 551 3038 cryptas
570 2946 734 3017 umbrosas
753 2947 866 3017 incidit
890 2973 897 3015 :
920 2946 1006 3018 unde

272 3085 357 3157 Fidis
376 3111 394 3156 a
413 3088 507 3156 sociis
527 3090 638 3178 nequit
657 3088 776 3157 extrahi
799 3112 807 3156 :
829 3105 861 3156 at
879 3085 1037 3176 anguibus
1055 3088 1140 3171 atris,

274 3223 404 3314 Hydris‚
426 3244 458 3295 et
475 3248 584 3295 morsu
603 3228 694 3295 saevis
714 3245 821 3296 manet
839 3248 911 3296 esca
929 3225 1083 3296 colubris.

405 3512 550 3582 Ausnnxs
565 3533 606 3580 nn
625 3531 749 3583 nunnus
767 3533 940 3585 cnauconn
960 3530 1163 3584 rr-:xnnunun

219 3750 222 3757 ’
275 3755 378 3822 Anser
396 3777 534 3845 anasque
553 3754 662 3825 tubam
680 3774 828 3826 metuunt
846 3774 879 3826 et
895 3774 1046 3847 tympana
1066 3779 1075 3826 ι
1095 3755 1187 3828 fallax

276 3891 335 3959 His
346 3876 470 3982 'auceps
487 3893 614 3963 timidas
634 3912 792 3985 terretque
809 3895 959 3985 fugatque
978 3894 1123 3966 volucres
1144 3923 1151 3961 :

279 4029 364 4108 Quae
382 4029 461 4101 dum
479 4056 513 4100 se
529 4032 677 4122 gravibus
695 4036 839 4105 nituntur
853 4037 894 4102 in
911 4045 983 4104 aera
1000 4035 1114 4124 pennis

279 4166 422 4266 Tollere,
441 4171 599 4242 falconem
619 4194 784 4264 nequeunt
802 4176 900 4246 iitare
922 4198 1078 4265 rapacem.
