3038 5204
693 517 867 585 ..42-

278 706 388 774 Partes
409 729 417 772 ε
438 705 597 772 minorem
617 699 755 770 absumit
771 719 913 770 actutum
931 702 1101 789 integram.

277 844 347 913 Nec
367 841 481 910 bestias
500 840 616 924 solum,
629 838 692 908 sed
710 858 742 908 et
759 837 906 908 homines
924 859 1028 909 necat.

277 980 418 1049 Venator
437 998 471 1049 ut
489 976 687 1068 magnatibus
706 978 882 1067 gratissima

277 1118 323 1186 Ex
341 1116 435 1206 pelle,
457 1117 605 1205 opimum
624 1135 785 1206 comparet
802 1114 861 1184 sibi
879 1114 1016 1200 lucrum,

277 1254 421 1324 Sectatur
440 1252 522 1321 hanc
537 1275 665 1322 summo
683 1252 782 1322 feram
799 1252 952 1342 periculo.

608 1503 615 1510 ’
716 1503 849 1572 Hunni.

276 1715 400 1803 Hyaena
417 1711 509 1780 fallax
525 1712 641 1783 Africae
660 1733 775 1783 terram
792 1716 916 1785 incolit.

276 1850 330 1919 Est
349 1871 481 1938 corpore
500 1848 584 1919 haud
602 1852 708 1921 minor
727 1851 803 1942 lupo
825 1834 929 1942 :iuba
947 1851 1078 1944 quidem

274 1988 355 2078 Equi
374 1989 495 2071 instar;
516 2007 547 2058 at
567 1987 662 2058 dorso
683 1988 808 2079 hispido
829 1988 1018 2075 durissimis

273 2125 400 2208 Ursus,
420 2125 501 2214 riget
518 2128 593 2195 setis
615 2151 622 2194 :
644 2125 695 2195 die
714 2150 825 2216 parum
843 2125 930 2195 videt

273 2260 377 2346 Clara,
398 2262 454 2331 sed
473 2282 538 2332 atra
557 2283 604 2332 est
623 2284 717 2333 nocte
735 2265 805 2332 visu
825 2263 991 2330 acerrimo.

273 2400 377 2469 Mutat
393 2397 478 2468 vafre
497 2401 545 2468 sui
565 2399 705 2468 colorem
723 2389 865 2487 corporis
886 2423 893 2465 :
1075 2376 1077 2379 Ι

273 2539 307 2608 Si
325 2563 393 2608 mas
411 2539 522 2625 modo,
543 2540 641 2609 altero
660 2539 697 2608 fit
717 2563 801 2608 anno
819 2538 964 2607 foemina.

272 2679 352 2747 Cani
371 2698 403 2749 et
421 2678 545 2748 homini
564 2678 665 2746 malos
684 2681 775 2748 struit
793 2677 885 2747 fallax
904 2676 1006 2747 dolos.

272 2817 406 2885 Vomitu
425 2834 518 2907 atque
537 2816 676 2907 singultu
697 2839 809 2884 canem
828 2815 968 2884 humano
987 2814 1082 2883 aflicit
1102 2840 1111 2898 ;

272 2954 398 3022 Vocem
416 2951 562 3043 improbo
582 2953 734 3020 mentitur
753 2975 807 3019 ore
828 2975 835 3017 :
857 2949 1052 3039 improvidus

271 3090 422 3181 Tangeris
439 3090 562 3182 hyaenae
581 3089 726 3159 umbram
745 3091 842 3179 sanis,
863 3109 970 3159 mutus
990 3107 1082 3171 tacet,

273 3230 312 3298 Et
329 3227 450 3317 perdita
467 3229 579 3298 latrare
598 3251 677 3298 voce
697 3225 774 3296 dum
793 3227 916 3315 nequit,

272 3366 322 3435 Ab
340 3364 432 3435 hoste
452 3364 623 3457 deglutitur
640 3343 884 3432 immanissimo.

196 3502 198 3506 ’
272 3506 362 3585 Quin
382 3523 413 3574 et
431 3503 598 3574 hominem
616 3507 780 3572 incautum
798 3499 879 3570 dolis
898 3502 1117 3583 circumvenit,

271 3643 310 3710 Et
326 3661 432 3710 mente
451 3643 660 3730 privatumne
679 3660 861 3730 stupentem
881 3640 1022 3708 devorat.

270 3783 391 3850 Mirum
412 3778 553 3871 quidem,
574 3781 745 3849 teterrimae
764 3798 857 3869 atque
876 3779 1022 3867 pessimae

269 3921 372 4008 Hujus
391 3918 465 3987 ferae
484 3917 612 4007 pellem,
633 3915 818 3999 medullam,
839 3917 1040 4004 sanguinem,

268 4055 386 4124 Fellem
405 4074 498 4144 atque
517 4052 654 4137 lumbos,
676 4023 707 4123 et
725 4052 856 4135 lienem,
877 4055 979 4141 ipsam
998 4074 1126 4142 quoque

268 4193 417 4275 Carnem,
437 4189 558 4260 mederi
575 4214 668 4280 posse
686 4188 806 4258 morbis
824 4190 981 4278 pessimis.
