3038 5204
938 672 1019 743 Ait.

469 869 613 953 Mobilis,
632 889 664 939 et
681 888 787 937 rerum
806 887 862 955 per
880 882 994 934 cuncta
1011 862 1156 934 meabilis
1174 865 1251 948 Aer,

554 1003 671 1073 Afflatu
690 1002 823 1071 alituum
841 1020 1009 1090 promovet
1030 1024 1129 1072 omne
1147 1021 1281 1090 genus:

468 1142 661 1213 Commotus
679 1136 806 1207 nimbos
824 1157 1092 1230 tempestatesque
1110 1140 1264 1223 minatur,

557 1275 763 1368 Tranquillus
780 1276 870 1347 terris
889 1275 1135 1366 aequoribusque
1152 1274 1247 1347 favet.

925 1484 1035 1558 Aous.

470 1679 591 1748 Rerum
609 1676 701 1765 Aqua
719 1675 923 1764 principium,
945 1671 1053 1755 chaos,
1072 1690 1104 1740 er
1122 1671 1195 1740 fons
1215 1690 1275 1756 est,
1290 1691 1323 1742 et
1342 1674 1444 1762 origo,

558 1811 711 1904 Frugibus
728 1810 814 1880 unde
833 1811 924 1900 vigor
942 1808 1182 1901 seminibusque
1200 1810 1303 1879 venit.

469 1952 693 2042 squamigeros
712 1949 837 2018 homini
856 1949 959 2037 pisces
978 1947 1128 2016 alimenta
1146 1948 1320 2031 ministrat3

557 2091 596 2159 Er
615 2112 679 2180 quo
698 2089 831 2179 navigiis
848 2106 998 2172 transeat,
1019 2105 1102 2176 aptat
1121 2087 1192 2155 iter.

915 2294 1042 2363 Tuum.

468 2490 570 2561 Terra
588 2510 713 2579 parens,
733 2510 796 2578 qua
815 2510 884 2558 non
903 2486 1098 2557 elementum
1117 2507 1164 2558 est
1180 2487 1304 2559 firmius
1323 2486 1435 2570 ullum,

554 2626 592 2694 In
612 2625 717 2695 media
735 2624 849 2697 mundi
868 2645 955 2716 parte
973 2625 1076 2697 locata
1094 2646 1214 2698 manet.

471 2764 542 2835 Fert
558 2787 702 2856 gramen,
723 2763 830 2849 flores,
851 2763 938 2835 laetas
955 2763 1015 2835 fert
1032 2762 1170 2857 denique
1188 2765 1305 2859 fruges,

558 2906 597 2976 Et
614 2904 736 2997 reliqua
754 2905 840 2977 unde
860 2907 1005 2978 animans
1024 2907 1130 2978 vivere
1148 2907 1300 3001 quodque
1317 2929 1424 3002 queat.

681 3347 849 3420 MENSES
872 3348 934 3420 XII
957 3349 1066 3420 ANNI
1088 3350 1280 3423 SOLARIS.

915 3557 1043 3627 Auuus.

469 3742 590 3814 Tortus
608 3764 643 3815 ut
661 3745 695 3814 in
713 3768 783 3814 sese
801 3768 931 3837 serpens
950 3746 1151 3818 convolvitur
1168 3746 1258 3834 orbe,

556 3883 645 3952 Dum
663 3883 798 3953 caudam
816 3885 951 3953 immani
970 3883 1133 3955 mordicus
1154 3908 1210 3955 ore
1228 3905 1335 3958 tenet:

469 4018 564 4088 Haud
582 4044 673 4089 secus
692 4023 862 4092 incircum
881 4023 991 4092 solaris
1010 4023 1148 4094 volvitur
1169 4049 1284 4110 annus,

557 4159 758 4251 Exactisque,
779 4162 880 4246 inse,
901 4162 1077 4249 mensibus,
1099 4188 1198 4255 usque
1218 4162 1312 4234 redit.
