3038 5204
680 514 877 583 ..109-

355 699 448 768 Curae
467 719 577 788 expers
593 694 722 766 recubat
739 695 794 766 diu
816 699 948 787 supinus
969 722 977 766 :

358 839 466 910 Noctu
485 839 546 905 iras
564 838 651 924 Jovis
669 835 795 905 AEolive
814 835 905 906 flatus

356 977 421 1047 Sub
439 995 523 1047 tecto
542 973 627 1044 haud
644 995 802 1059 metuens,
823 976 928 1065 quiete
947 975 986 1085 in·
999 996 1119 1058 aurem,

355 1115 472 1184 Plenus
490 1136 624 1183 munere
641 1112 769 1197 Bacchi,
788 1132 954 1203 utramque
977 1108 1107 1180 dormit.

355 1253 388 1323 O
408 1275 504 1344 quam
521 1250 678 1322 Gossilius
695 1232 759 1320 lare
777 1250 840 1320 hoc
859 1248 990 1320 beatus!
1059 1274 1062 1284 ·

593 1653 803 1726 POETICES
829 1654 951 1723 LAUS.

262 1847 404 1940 Pingunt
421 1848 557 1938 pictores
576 1867 608 1918 et
624 1847 751 1938 fingunt
767 1847 867 1917 multa
888 1857 1003 1937 poetae,

348 1985 433 2067 Quae
452 1985 526 2055 licet
544 1985 693 2056 indoctus
711 1984 844 2054 ridicula
862 2006 931 2054 esse
949 2003 1039 2074 putet
1059 2008 1067 2054 τ

261 2125 342 2194 Sunt
359 2143 467 2194 tamen
486 2143 571 2194 extra
589 2146 722 2193 omnem
741 2124 927 2212 cumprimis
945 2125 1026 2192 seria
1049 2120 1172 2207 ludum,

347 2261 386 2330 Et
405 2260 535 2350 dempto
555 2261 677 2329 arcanis
695 2260 813 2329 cortice
832 2259 927 2349 plena
945 2261 1052 2329 sacris.

260 2397 358 2470 Nulla
376 2411 542 2488 po'etarum
561 2418 609 2468 est
626 2399 661 2467 in
681 2397 782 2469 doctis
800 2397 904 2467 fabula
920 2397 1007 2467 libris

348 2536 434 2616 Quae
454 2559 520 2605 non
539 2535 674 2606 delectet
692 2556 960 2627 commoneatque
979 2535 1086 2605 simul.

258 2673 322 2746 Sed
340 2675 493 2767 quoniam
510 2676 598 2746 vario
616 2676 784 2766 capiuntur
805 2674 941 2765 plurima
961 2700 1056 2745 sensu

344 2812 470 2901 Judicio
489 2816 643 2904 interpres
667 2816 707 2884 sit
725 2815 784 2884 sibi
803 2817 938 2907 quisque
956 2839 1015 2885 suo
1037 2835 1045 2883 :

257 2950 445 3022 Dummodo
463 2951 608 3043 probrosi
626 2952 738 3042 procul
756 2952 836 3023 absit
851 2953 954 3022 fomes
973 2956 1101 3038 amoris,

344 3091 383 3160 Et
401 3110 495 3161 castae
512 3093 613 3161 menti
631 3090 788 3183 quidquid
806 3090 918 3162 obesse
939 3091 1031 3162 solet.

539 3411 759 3496 ORPHEUS,
783 3401 984 3484 ORATOR.

257 3599 409 3691 Orpheus
428 3620 494 3671 arte
509 3599 585 3692 lyrae
606 3601 731 3687 doctus,
752 3603 879 3693 rapidos
897 3607 975 3676 stitit
993 3630 1115 3691 amnes,

341 3732 380 3800 Er
404 3733 507 3802 movit
525 3732 639 3823 sylvas,
659 3734 905 3826 perdomuitque
924 3724 1017 3806 feras.

256 3870 376 3940 Orator
393 3873 529 3961 sapiens,
552 3870 743 3963 dicendique
766 3894 830 3943 arte
850 3877 980 3964 peritus,

341 4008 418 4077 Dira
436 4007 607 4078 hominum
626 4009 755 4102 eloquio
774 4014 899 4104 mitigat
917 4015 1057 4104 ingenia.

642 4245 852 4256 *—
