3038 5204
439 919 587 991 Putorius
605 916 748 1008 (peracre
766 917 910 989 mustelae
928 916 1047 1010 genus)

528 1052 642 1125 Odore
660 1073 743 1125 tetro
760 1054 903 1145 putidus,

438 1192 507 1275 Qui
525 1192 676 1276 maxime,
696 1213 798 1283 quum
816 1189 917 1263 fervet
934 1192 991 1278 ira,
1012 1192 1193 1281 pessimum

529 1330 655 1421 Spirare
673 1331 761 1400 virus
782 1329 910 1401 assolet.

438 1467 524 1540 Pilos
542 1466 727 1559 inaequales,
748 1468 857 1558 nigros
874 1466 990 1556 longos
1008 1465 1154 1558 quidem,
1252 1534 1255 1541 .

530 1603 646 1675 Fulvos
665 1603 761 1675 habet
776 1627 853 1675 vero
872 1603 994 1675 breves.

439 1741 626 1816 Cavernulis
643 1742 795 1833 rimisque
818 1743 958 1833 riparum
975 1741 1100 1816 abditus

527 1884 633 1954 Pisces
650 1902 686 1954 ut
704 1883 876 1973 opprimat,
895 1881 983 1954 latet.

440 2022 592 2095 Versatur
609 2023 643 2093 in
663 2020 751 2092 silvis
769 2020 918 2112 fiequens
939 2039 948 2088 ι
970 2018 1073 2092 ethic
1092 2041 1166 2091 aves

528 2161 624 2252 Rapit
640 2179 797 2252 necatque
814 2156 1021 2250 improvidas.

438 2297 601 2389 Pullisque
618 2297 808 2389 gallinisque
826 2297 918 2368 victis
937 2298 1130 2388 sanguinem

527 2439 658 2530 Exsugit
676 2461 811 2511 omnem
828 2438 987 2511 atrociter.

703 2687 852 2756 somus.

440 2926 570 2997 Sciutus
589 2924 715 2995 arbores
733 2947 848 3016 opacas
866 2925 991 3010 incolit,

527 3062 664 3134 Mustela
682 3064 785 3136 dictus
804 3064 966 3135 arborum.

440 3200 544 3292 Major
564 3199 695 3292 quidem
713 3200 861 3286 mustela,
881 3220 913 3272 at
930 3199 1016 3271 haud
1035 3219 1083 3271 est
1099 3199 1246 3292 longior,

529 3339 763 3432 Agillimusque
784 3361 930 3431 corpore.

440 3478 571 3551 Umbrae
589 3462 659 3547 vi'ce
678 3494 773 3568 atque
790 3477 953 3568 tegminis,
973 3474 1086 3564 cauda,
1102 3497 1199 3570 supra

529 3617 670 3686 Dorsum
688 3613 815 3701 reflexa,
835 3638 870 3685 se
889 3615 979 3706 tegit.
1092 3620 1095 3626 '

440 3754 509 3826 Alae
527 3753 600 3824 loco
618 3751 751 3824 caudam
769 3771 879 3825 movet
894 3752 1042 3846 frequens
1060 3753 1178 3840 levem,

529 3893 575 3964 Ut
593 3912 658 3982 quo
677 3889 765 3961 lubet
782 3912 816 3960 se
836 3889 961 3980 dirigat.

440 4029 517 4100 Veli
537 4027 610 4098 loco
630 4026 729 4098 cauda
748 4028 857 4111 utitur,
877 4020 955 4096 dum
973 4025 1108 4097 flumina

527 4168 568 4240 Et
586 4186 695 4257 stagna
712 4165 807 4237 velox
825 4167 951 4256 trajicit.
