3038 5204
746 495 943 563 -108-

756 699 919 770 amnica.

327 889 428 959 Estrix
446 885 513 957 dira
532 886 704 958 hominum
721 908 820 960 scatet
837 913 915 961 auro
931 892 1080 962 America
1099 916 1108 962 a
1131 892 1232 984 pollet

414 1030 499 1097 Arcu
520 1052 529 1098 ε
549 1028 719 1117 psittacum
737 1027 821 1100 alit:
842 1028 969 1119 plumea
987 1051 1069 1101 serta
1088 1033 1184 1122 gerit.

750 1248 921 1263 ἡ

502 1389 548 1458 ΙΝ
567 1389 603 1457 Ρ.
625 1387 806 1460 GOSSILII
822 1392 970 1463 LAREM
988 1392 1168 1465 NOVUM.

416 1583 517 1664 Quod
536 1584 794 1655 Derrinthiacum
812 1583 911 1652 larem
928 1602 1101 1668 vetustum,

414 1721 519 1793 Multo
538 1723 694 1793 Gossilius
712 1722 832 1806 labore,
854 1740 994 1811 sumptu,

412 1859 561 1930 Tandem
580 1859 724 1945 diruerit,
744 1862 815 1953 quis
831 1859 1036 1952 improbabit,

411 1998 578 2087 Perpensis
597 1999 705 2069 animo
723 2000 865 2089 aequiore
886 1999 1014 2071 causis?

411 2136 601 2219 Immensus,
620 2137 786 2227 spatioque
805 2155 911 2207 vastus
930 2135 1040 2225 amplo

414 2273 452 2342 Et
469 2272 568 2362 longo
587 2271 728 2363 undique
747 2296 869 2357 mutua,
890 2271 951 2341 alta
969 2274 1045 2343 tecti

413 2412 522 2502 Magni
542 2413 720 2502 congeries,
740 2409 855 2496 trabes,
875 2410 980 2501 tigilli,

413 2550 452 2618 Et
470 2568 603 2620 transtra
622 2569 654 2619 et
671 2549 800 2634 mutuli,
822 2550 903 2620 ostia
920 2568 952 2618 et
969 2547 1128 2634 fenestrae,

413 2686 505 2767 Quin
523 2706 555 2757 et
574 2689 705 2758 materia
724 2689 830 2759 omnis
848 2687 1003 2771 obsoleta,

413 2827 587 2898 Damnosae
605 2826 762 2897 indicium
783 2825 898 2897 dabant
916 2827 1017 2896 ruinae
1039 2849 1047 2894 ε

413 2964 456 3032 At
474 2961 631 3034 destructa
649 2962 764 3034 domus
783 2987 879 3032 manu
898 2960 1013 3046 fabrili,

412 3099 507 3187 Jussu
525 3100 722 3192 consilioque
742 3099 811 3169 heri
829 3102 949 3192 sagacis
959 3124 970 3184 ;

414 3238 529 3319 Quum
548 3239 594 3308 nil
612 3239 751 3310 attulerit
769 3241 862 3308 ruina
879 3237 1012 3322 damni;

410 3377 527 3468 Magna
545 3398 688 3468 exparte
707 3379 773 3464 alii,
797 3380 871 3449 licet
896 3380 1027 3464 minori,
1096 3376 1099 3381 ’

409 3518 564 3588 Paulatim
583 3519 643 3589 fuit
662 3521 734 3589 usui
753 3519 916 3590 struenda.

412 3658 481 3727 Hac
499 3681 591 3746 parce
609 3658 775 3743 aedificata,
797 3657 890 3728 herus
910 3656 971 3726 sibi
990 3655 1120 3726 hortum

413 3796 459 3863 Ex
477 3794 568 3866 fundi
584 3820 685 3867 vacuo
705 3797 775 3866 solo
794 3798 926 3887 paravit.

414 3931 566 4021 Magnam
584 3934 724 4002 materiae
742 3929 924 4023 aediumque
941 3950 1064 4022 partem

412 4067 492 4137 Care
510 4069 665 4153 vendidit,
688 4088 719 4138 et
737 4089 843 4138 cutem
861 4068 935 4136 inde
959 4086 1057 4137 curat.

414 4205 474 4273 Hic
492 4209 615 4295 apricus
635 4207 725 4275 humi
742 4210 864 4277 virente
883 4208 918 4275 in
938 4205 1034 4274 herba
