3038 5204
530 523 574 536 -
596 488 727 557 XXV‘..

153 689 302 779 Prophetae
309 691 441 781 Mejeres
457 704 483 759 et
493 692 625 759 Minores
645 691 754 759 Veteris
770 689 945 760 Testamenti
957 690 1016 782 (bl.
1035 691 1124 784 116).

109 804 159 872 De
177 801 397 893 afzonderlijke
415 803 483 895 titel
502 805 587 874 heeft
604 827 684 875 voor
702 795 855 895 (ipschrift
875 832 883 875 :

143 949 235 1003 Icones
249 948 436 1021 prophetarum
450 949 582 1022 majorum
607 961 634 1004 et
655 949 791 1004 minorum
809 949 912 1004 Veteris
935 949 1128 1008 Testamentia

106 1035 230 1108 Philippo
244 1036 345 1091 Gallaeo
359 1037 475 1092 collectae
488 1049 567 1109 atque
581 1052 717 1109 expressae,
729 1053 745 1091 a
755 1036 880 1092 Cornelio
895 1037 1001 1094 Kiliano
1012 1039 1127 1097 Dnfflaeo

107 1122 225 1178 distichis
237 1124 349 1180 breviter
363 1125 524 1197 explanatae,
539 1139 668 1180 senxcnn.

149 1277 199 1344 De
216 1276 409 1366 koninklijke
427 1274 620 1346 bibliotheek
636 1253 698 1346 van
716 1275 840 1346 Brussel
867 1275 948 1348 benit
970 1301 1032 1347 van
1049 1276 1125 1349 deze

104 1387 195 1457 reeks
213 1386 314 1457 alleen
332 1386 395 1457 desi
414 1388 494 1459 titel.

147 1503 232 1570 Eene
248 1500 344 1571 litere
362 1501 491 1593 uitgaaf,
504 1524 649 1572 waarvan
667 1499 707 1570 de
726 1501 801 1572 heer
822 1502 910 1572 Rene
927 1501 1010 1573 della
1028 1504 1123 1576 Faille

102 1639 162 1685 een
178 1615 355 1707 exemplaat
373 1614 467 1702 bezit,
488 1614 574 1685 heeft
590 1637 671 1685 voor
688 1614 757 1683 titel
777 1641 785 1683 :

137 1779 230 1851 leones
246 1754 437 1868 prophetarunt¹
445 1795 548 1852 Veteris
563 1795 727 1852 Testamenti
746 1813 761 1850 a
779 1796 883 1868 Joanne
905 1797 1034 1853 Stradano
1054 1797 1122 1853 deli-

102 1895 195 1950 neatae,
211 1883 334 1955 aJoanne
348 1881 450 1938 Gallaeo
464 1898 575 1950 excusae,
591 1898 607 1937 a
621 1882 703 1938 Corn.
712 1881 814 1938 Gallaeo
828 1882 946 1956 sculptae.
961 1883 1120 1957 Antverpiae.

144 2044 180 2112 In
215 2042 291 2113 deze
327 2043 435 2112 laatste
471 2042 593 2134 uitgaaf
624 2041 753 2112 bevindt
787 2042 860 2114 zich
895 2041 934 2111 de
967 2041 1120 2131 titelplaat

98 2180 141 2247 op
161 2156 315 2227 hetzelfde
334 2155 404 2226 blad
424 2176 490 2227 met
508 2157 547 2226 de
567 2157 675 2226 laatste
687 2156 770 2246 pleat
788 2156 1121 2244 vanIilustresfeminee

102 2272 210 2340 Veteris
235 2270 419 2340 Testamenti.
448 2267 570 2338 Verder
592 2288 680 2338 staan
702 2268 823 2339 tellens
854 2288 937 2340 twee
954 2269 1060 2358 platen
1077 2291 1119 2358 op

98 2385 157 2451 een
175 2381 258 2468 blad,
279 2406 365 2450 maer
393 2384 427 2450 in
444 2381 542 2471 plaats
563 2405 625 2450 van
654 2403 691 2470 17
711 2382 866 2470 profeten,
887 2382 993 2450 zooals
1011 2383 1045 2449 in
1063 2381 1118 2450 het

98 2494 293 2564 handschrift
310 2493 366 2565 der
380 2518 506 2580 verzen,
521 2492 677 2564 bevinden
695 2517 729 2564 er
745 2494 816 2564 zich
834 2496 867 2563 in
885 2493 925 2564 de
943 2495 1032 2564 reeks
1050 2517 1118 2585 gra-

96 2633 197 2678 vuren
215 2611 270 2693 26,
284 2631 430 2680 waarvan
447 2605 488 2676 de
505 2626 587 2677 twee
606 2625 705 2675 eerste
724 2631 765 2675 en
784 2605 823 2675 de
841 2628 941 2675 zeven
958 2605 1067 2675 laatste
1084 2608 1118 2673 in

95 2746 155 2792 ons
177 2720 370 2806 handschrift
388 2719 574 2805 ontbseken,
588 2744 674 2788 maar
691 2720 815 2790 evenals
834 2717 874 2788 de
889 2721 1029 2810 overige‚
1051 2739 1117 2788 met

94 2860 209 2907 verzen
230 2836 380 2904 voorzien
402 2835 475 2923 zijn.
502 2832 676 2902 Misschien
694 2835 756 2923 zijn
783 2831 859 2902 deze
878 2856 982 2923 negen
1010 2832 1115 2922 platen

92 2951 172 3020 later
189 2947 230 3039 bij
255 2947 294 3019 de
314 2945 427 3017 andere
456 2946 612 3039 gevoegd,
634 2972 674 3016 en
695 2949 757 3037 zijn
783 2945 823 3015 de
840 2970 954 3016 verzen
972 2947 1038 3014 niet
1054 2969 1116 3014 van

91 3063 249 3153 Killanus.
270 3063 346 3131 Wat
374 3085 408 3130 er
425 3084 487 3131 van
507 3063 559 3150 zij,
589 3059 665 3129 deze
688 3084 801 3130 verzen
819 3058 942 3145 luiden,
966 3058 1114 3148 letterlijk

91 3175 268 3269 afgedrulct,
289 3173 378 3245 aldus
401 3200 409 3244 :

540 3287 661 3342 Messes.

232 3408 294 3465 Dux
309 3408 409 3482 populi,
424 3408 543 3482 legisque
556 3408 642 3475 dator,
658 3424 738 3480 quem
751 3408 824 3480 regia
836 3407 911 3480 virgo

265 3497 317 3552 Vix
329 3508 422 3552 natum
435 3496 526 3568 rapido
539 3495 651 3551 flumine
664 3494 733 3551 forte
746 3494 817 3550 tulit.

545 3629 650 3686 Davus.

224 3753 359 3812 lsacidum
372 3752 491 3825 princeps
504 3733 622 3823 ingentia
636 3748 706 3804 colla
717 3747 831 3820 gigantis
917 3747 918 3750 ’

263 3843 393 3911 Dissecui‚
408 3854 435 3897 et
447 3841 529 3897 cecini
543 3838 612 3894 facta
625 3836 754 3910 stupenda
767 3834 828 3890 Dei.

526 3999 662 4054 Eusseus.
672 3978 680 3992 ’

226 4121 272 4178 Est
284 4123 313 4177 in
325 4137 369 4176 me
383 4119 479 4193 duplex
491 4118 556 4173 Eliae
570 4116 685 4189 spiritus,
703 4117 731 4169 in
744 4131 788 4169 me
892 4157 895 4161 .
924 4159 928 4167 .

262 4210 309 4265 Est
321 4209 404 4265 virtus
418 4206 573 4280 chlamydis,
594 4221 647 4276 qua
658 4214 807 4258 reserantur
825 4217 908 4274 aquae.

1025 4322 1059 4369 111
