3038 5204
694 512 845 576 -4..

268 701 352 768 Hinc
369 698 517 766 intestina
535 691 717 764 discordans
736 713 823 782 peste
842 693 972 777 laborat,
1065 779 1069 785 .

356 836 395 903 Et
412 830 620 918 vixsedanda
639 828 795 899 seditione
813 833 904 919 perit.

269 975 293 1041 E
312 975 410 1062 patria
428 969 578 1059 profugus
597 967 772 1058 longinqua
790 969 869 1057 petit
887 967 956 1037 loca
978 993 986 1035 z
1008 987 1040 1037 et
1059 987 1141 1038 artes
1171 944 1176 954 ’

357 1110 407 1190 Et,
428 1129 642 1198 quascumque
662 1123 776 1193 potest,
789 1124 902 1192 portat
918 1128 995 1194 opes
1014 1104 1088 1172 alio.

269 1249 363 1314 Lassa
381 1244 438 1313 sub
457 1246 601 1334 Hispano
620 1242 793 1332 languescit
811 1264 884 1332 rege
902 1240 1063 1331 Philippu,

358 1382 442 1461 Quae
460 1399 610 1470 regnante
630 1398 743 1468 potens
761 1380 860 1468 patria
878 1397 963 1468 patre
983 1377 1053 1447 fuit.

271 1575 467 1643 Rectores
485 1571 597 1638 nocuis
615 1587 736 1637 mature
757 1568 912 1635 occurrite
930 1566 1041 1651 turbis,

358 1708 493 1779 Nullum
512 1705 648 1776 deterius
666 1704 821 1775 seditione
839 1704 970 1772 malum.

615 1982 757 2066 Gnarus,
778 1984 939 2053 Francus.

694 2173 858 2229 Lruonron.

272 2355 416 2427 Gallus
436 2379 491 2424 seu
510 2357 657 2438 Francus,
679 2375 747 2424 toto
765 2359 950 2427 notissimus
968 2358 1056 2443 orbe,

359 2492 503 2576 Foedere,
524 2494 651 2582 justitia,
674 2492 850 2582 relligione,
870 2493 933 2563 fide
955 2521 962 2562 :

271 2633 422 2701 Matemae
441 2631 542 2701 cultor
558 2631 686 2720 linguae,
706 2630 808 2700 cultor
826 2634 999 2722 peregrinae
1021 2660 1028 2701 :

358 2767 605 2857 Grandiloquus,
627 2788 786 2852 constans,
806 2772 1022 2860 propositique
1039 2791 1131 2841 tenax
1152 2797 1159 2839 ε

271 2904 385 2974 Militia
404 2906 561 2995 egregius,
580 2929 736 2994 generoso
756 2925 921 2976 stemmate
940 2906 1040 2976 clarus
1061 2932 1068 2975 :

281 3093 286 3107 .
358 3043 500 3133 Corpore
521 3061 551 3112 et
569 3044 700 3132 ingenio
718 3043 842 3112 vividus
861 3068 896 3112 ac
914 3065 1045 3135 vegetus
1066 3072 1073 3114 :

271 3180 467 3263 Dissimulat,
489 3179 627 3262 simulat,
648 3202 748 3269 quum
766 3199 891 3269 tempus
910 3183 1046 3271 postulat
1065 3204 1208 3255 autres:

359 3320 398 3389 Et
416 3319 618 3389 connivendo
637 3319 772 3409 plurima
789 3339 897 3389 cautus
916 3323 991 3412 agit.

669 3568 886 3626 Carumunron.

271 3747 329 3813 An
355 3744 497 3813 Gallus
516 3743 644 3814 tandem
664 3764 866 3833 contemptor
884 3745 1072 3836 relligionis,

360 3886 489 3974 Spretor
506 3887 641 3969 virtutis,
660 3888 797 3975 justitiae,
817 3886 904 3970 fidei,

270 4025 467 4107 Inconstans,
487 4048 597 4106 vanus,
619 4024 792 4107 simulator,
816 4023 1029 4093 dissimulator
1035 4052 1045 4108 ;

270 4265 273 4270 ,
359 4161 486 4267 Vindex
505 4162 650 4248 crudelis,
672 4163 823 4234 subdolus
843 4182 936 4254 atque
954 4163 1040 4235 vafer
1051 4192 1061 4248 3
