3038 5204
686 503 862 588 -37..

263 761 437 834 BELLUM
454 754 729 831 INTESTINUM
752 753 963 826 EXTERNO
983 749 1279 824 RESTINCTUM.

440 930 608 1013 Decertare
628 939 709 1009 duos
732 959 826 1027 rapax
843 954 975 1007 cruento

439 1084 550 1154 Cernit
567 1082 648 1152 sorte
667 1079 759 1170 lupus
778 1099 872 1147 canes
893 1072 1012 1144 duello.

439 1226 621 1316 Pugnantes
639 1220 788 1292 simulac
806 1214 917 1286 vident
937 1212 1045 1283 adesse

436 1362 579 1433 Invisum
596 1360 706 1452 generi
724 1357 837 1447 lupum
855 1355 982 1435 canino,

436 1498 539 1570 Obliti
559 1495 665 1567 subito
685 1495 799 1584 prioris
818 1496 885 1578 irae,

435 1635 630 1725 Omissaque
648 1633 754 1702 statim
773 1630 896 1702 calente
916 1653 1034 1721 pugna,

434 1776 472 1846 In
490 1773 596 1845 dirum
614 1775 730 1864 pariter
747 1773 860 1863 lupum
877 1772 1033 1856 feruntur,

350 1957 352 1960 >
436 1913 717 2002 Communemque
735 1929 851 1980 necant
870 1910 1008 1981 furenter
1027 1910 1164 1981 hostem.
1212 1951 1217 1960 -

436 2051 504 2120 Usu
523 2050 568 2120 sic
588 2051 685 2120 etiam
702 2051 790 2119 venit
813 2047 960 2134 subinde,

433 2189 478 2259 Ut
496 2186 599 2257 civilia
618 2210 690 2278 quae
709 2185 849 2259 incidere
870 2188 962 2275 bella,

432 2325 607 2397 Externum
625 2324 768 2396 recidant
786 2347 917 2417 repente
937 2332 971 2399 in
991 2328 1130 2399 hostem.

485 2737 538 2806 IN
570 2734 793 2807 MILITEM
827 2736 1040 2821 IMPIUM‚

560 2930 683 2984 cannen
704 2928 843 2973 emroms
861 2929 972 2981 rnsrnn,
999 2939 1008 2960 ι

404 3084 453 3142 EX
480 3083 643 3144 VIRGILIO
671 3084 857 3143 PRAECIPUE
884 3084 1128 3143 CONTEXTUM.

302 3250 360 3320 Fas
379 3273 508 3321 versum
527 3271 622 3343 atque
634 3252 743 3324 nefas:
762 3274 810 3324 tot
829 3275 982 3344 magnum
994 3252 1076 3323 bella
1086 3275 1142 3344 per
1153 3254 1275 3338 orbem,

252 3388 338 3459 Tam
356 3389 466 3460 multae
484 3389 642 3460 scelerum
660 3391 768 3476 facies,
789 3413 856 3460 non
875 3390 959 3459 ullus
977 3408 1079 3459 aratro

253 3527 380 3617 Dignus
399 3500 503 3595 honos
524 3548 531 3594 :
554 3527 653 3617 ruptis
672 3528 754 3595 inter
773 3550 807 3595 se
829 3524 952 3616 legibus
970 3524 1063 3596 nrbes

253 3666 353 3734 Arma
370 3660 489 3748 serunt,
509 3665 600 3734 saevit
618 3682 688 3734 toto
706 3665 793 3733 Mars
813 3666 931 3754 impius
949 3663 1038 3753 orbe.

345 3798 437 3882 Quid
454 3822 634 3870 memorem
652 3800 796 3872 infandas
815 3801 918 3872 caedes
938 3822 970 3874 et
987 3787 1067 3874 furta
1089 3802 1231 3886 latronis,

258 3938 327 4020 Qui
343 3938 463 4012 scelere
481 3934 553 4009 ante
572 3937 652 4008 ahos
670 3939 766 4031 longe
785 3960 833 4011 est
851 3943 1024 4014 immanior
1042 3945 1176 4014 omnes?
1249 3941 1254 3949 ’

259 4066 396 4146 Tristius
411 4074 496 4146 hand
513 4075 570 4146 illo
589 4094 769 4146 monstrum
779 4103 789 4162 ;
809 4100 869 4147 nec
887 4081 1000 4148 saevior
1018 4079 1082 4148 ulla
1138 4173 1139 4176 Ἴ

259 4214 371 4297 Pestis,
392 4215 487 4285 etita
506 4213 613 4285 Deum
633 4194 750 4304 Styssiis
769 4237 837 4287 sese
857 4216 968 4287 extulit
986 4215 1093 4288 undis.
