3038 5204
685 559 863 627 ..75-

393 833 395 837 ,
455 755 645 846 'Pantanus
664 799 685 844 n
704 796 894 846 nnsnonuus
912 797 1067 846 uacum.

263 1006 470 1074 Excrementa
488 1004 657 1074 hominurn
676 1003 829 1094 panthera
848 1005 940 1075 avido
960 1007 1080 1095 appetit
1098 1026 1153 1072 ore
1175 1029 1181 1070 :

262 1143 365 1214 Altius
383 1147 417 1213 in
435 1168 508 1214 vase
527 1144 596 1214 haec
613 1169 710 1235 quam
728 1164 763 1214 ut
782 1144 862 1214 saltu
881 1146 1034 1234 attingere
1053 1145 1165 1233 possit,

262 1283 406 1351 Pastores
424 1281 568 1373 pendunt
589 1309 597 1352 :
618 1283 773 1373 languens
792 1282 873 1353 saltu
894 1282 947 1351 illa
965 1282 1138 1372 frequenti,

263 1419 412 1518 Concidit
432 1444 440 1489 ε
460 1422 576 1510 insigni
596 1420 748 1510 spoliatur
768 1440 894 1490 mortua
912 1421 1005 1511 pelle.

613 1709 725 1779 Ttstus
745 1730 930 1779 urrunnun.

262 1944 307 2013 Ex
327 1963 418 2014 antro
437 1945 559 2015 catulos
576 1965 708 2016 venator
726 1945 850 2037 tigridis
868 1946 980 2030 aufert,

261 2085 367 2171 Atque
385 2085 419 2150 in
439 2073 598 2173 detipulas
617 2104 648 2153 et
666 2087 744 2154 retia
761 2103 862 2168 tensa,
883 2084 1017 2154 tenellos

262 2221 347 2300 Quae
365 2221 499 2292 referant
515 2222 648 2308 catulos,
669 2223 796 2313 specula
814 2225 915 2313 injicit
937 2249 945 2292 ι
967 2223 1019 2292 illa
1038 2222 1104 2293 doli
1123 2246 1233 2312 expers

261 2361 365 2430 Veros
387 2385 454 2431 esse
473 2382 573 2452 putat,
594 2383 660 2433 rete
679 2365 786 2447 intrat,
807 2382 960 2452 captaque
978 2381 1098 2431 rancat.

365 2688 367 2691 v
476 2649 598 2720 Tauno
617 2671 765 2727 araneos
782 2670 942 2737 ruperunt
963 2650 1072 2719 Snnnt.

260 2888 350 2957 Sardi
367 2890 488 2978 equites
508 2888 605 2958 hastis
622 2908 729 2959 tauros
748 2909 907 2959 sectantur
925 2908 1076 2979 agrestes.
1188 2927 1191 2934 ,

260 3024 419 3094 Cornibus
437 3027 584 3115 injiciunt
601 3026 744 3117 laqueos,
766 3047 797 3097 et
816 3050 906 3097 crura
923 3027 1033 3097 voluto

259 3165 428 3256 Torquent
442 3167 519 3236 fune
541 3193 548 3235 :
571 3186 601 3237 at
618 3167 708 3236 humi
726 3169 895 3237 constricta
913 3164 975 3236 hoc
995 3163 1094 3235 bestia
1112 3188 1195 3233 nexu

259 3306 444 3378 Procumbit
465 3332 472 3374 ε
494 3327 634 3379 mactant
651 3331 766 3398 corpus
784 3306 923 3376 relevare
942 3305 1116 3375 volentem.

458 3597 603 3664 thntos
622 3616 662 3665 aa
682 3615 802 3664 cannas
821 3613 928 3663 neena
947 3613 1078 3662 tunnas.

258 3834 389 3904 Corsica
407 3858 485 3924 quas
502 3837 605 3924 gignit
622 3837 783 3924 praestanti
801 3857 935 3923 corpore
953 3834 1075 3924 vulpes,

256 3973 417 4062 Intrepide
434 3974 551 4044 vitulos
569 3979 740 4064 capiasque
759 3972 920 4056 invadere,
941 3991 1049 4061 guttur

257 4112 296 4179 Et
314 4113 459 4202 jugulum
478 4118 602 4203 pecoris
619 4114 766 4183 mordere
786 4137 820 4182 ac
839 4112 950 4182 rodere
969 4111 1121 4200 gaudent,

257 4249 419 4322 Exhausto
437 4253 540 4322 donec
559 4253 698 4334 discedat
716 4255 870 4341 sanguine
889 4254 964 4321 vita.
