<?xml version="1.0" encoding="UTF-8"?>
<!DOCTYPE html PUBLIC "-//W3C//DTD XHTML 1.0 Transitional//EN"
    "http://www.w3.org/TR/xhtml1/DTD/xhtml1-transitional.dtd">
<html xmlns="http://www.w3.org/1999/xhtml" xml:lang="en" lang="en">
 <head>
  <title>
</title>
<meta http-equiv="Content-Type" content="text/html;charset=utf-8" />
  <meta name='ocr-system' content='tesseract 3.04.00' />
  <meta name='ocr-capabilities' content='ocr_page ocr_carea ocr_par ocr_line ocrx_word'/>
</head>
<body>
  <div class='ocr_page' id='page_1' title='image "./kilianuslatijns00kielgoog_0075.png"; bbox 0 0 3038 5204; ppageno 0'>
   <div class='ocr_carea' id='block_1_1' title="bbox 728 376 901 445">
    <p class='ocr_par' dir='ltr' id='par_1_1' title="bbox 728 376 901 445">
     <span class='ocr_line' id='line_1_1' title="bbox 728 376 901 445; baseline 0.012 -20"><span class='ocrx_word' id='word_1_1' title='bbox 728 376 901 445; x_wconf 80' lang='lat' dir='ltr'>-2g..</span> 
     </span>
    </p>
   </div>
   <div class='ocr_carea' id='block_1_2' title="bbox 248 578 1257 1914">
    <p class='ocr_par' dir='ltr' id='par_1_2' title="bbox 305 578 1121 651">
     <span class='ocr_line' id='line_1_2' title="bbox 305 578 1121 651; baseline -0.002 -1"><span class='ocrx_word' id='word_1_2' title='bbox 305 582 345 651; x_wconf 89' lang='lat' dir='ltr'>Et</span> <span class='ocrx_word' id='word_1_3' title='bbox 363 578 483 651; x_wconf 87' lang='lat' dir='ltr'>stabula</span> <span class='ocrx_word' id='word_1_4' title='bbox 503 599 535 649; x_wconf 94' lang='lat' dir='ltr'>et</span> <span class='ocrx_word' id='word_1_5' title='bbox 552 601 661 649; x_wconf 92' lang='lat' dir='ltr'>muros</span> <span class='ocrx_word' id='word_1_6' title='bbox 679 579 820 650; x_wconf 84' lang='lat' dir='ltr'>fervente</span> <span class='ocrx_word' id='word_1_7' title='bbox 839 579 970 651; x_wconf 88' lang='lat' dir='ltr'>libidine</span> <span class='ocrx_word' id='word_1_8' title='bbox 991 597 1121 650; x_wconf 86' lang='lat' dir='ltr'>sternat.</span> 
     </span>
    </p>

    <p class='ocr_par' dir='ltr' id='par_1_3' title="bbox 255 716 1037 808">
     <span class='ocr_line' id='line_1_3' title="bbox 255 716 1037 808; baseline -0.001 -20"><span class='ocrx_word' id='word_1_9' title='bbox 255 767 260 775; x_wconf 84' lang='lat'><em>-</em></span> <span class='ocrx_word' id='word_1_10' title='bbox 306 720 456 789; x_wconf 83' lang='lat' dir='ltr'>Lascivus</span> <span class='ocrx_word' id='word_1_11' title='bbox 472 717 553 802; x_wconf 83' lang='lat' dir='ltr'>loro,</span> <span class='ocrx_word' id='word_1_12' title='bbox 573 718 668 802; x_wconf 89' lang='lat' dir='ltr'>fuste,</span> <span class='ocrx_word' id='word_1_13' title='bbox 689 720 856 808; x_wconf 89' lang='lat' dir='ltr'>esurieque</span> <span class='ocrx_word' id='word_1_14' title='bbox 877 716 1037 787; x_wconf 88' lang='lat' dir='ltr'>domatur.</span> 
     </span>
    </p>

    <p class='ocr_par' dir='ltr' id='par_1_4' title="bbox 306 854 1192 1224">
     <span class='ocr_line' id='line_1_4' title="bbox 306 854 1192 947; baseline -0.008 -18"><span class='ocrx_word' id='word_1_15' title='bbox 306 856 473 930; x_wconf 89' lang='lat' dir='ltr'>Offensam</span> <span class='ocrx_word' id='word_1_16' title='bbox 492 857 640 925; x_wconf 88' lang='lat' dir='ltr'>meminit</span> <span class='ocrx_word' id='word_1_17' title='bbox 660 879 668 925; x_wconf 93' lang='lat'><strong>:</strong></span> <span class='ocrx_word' id='word_1_18' title='bbox 690 873 782 925; x_wconf 83' lang='lat' dir='ltr'>tauro</span> <span class='ocrx_word' id='word_1_19' title='bbox 801 874 849 925; x_wconf 91' lang='lat' dir='ltr'>est</span> <span class='ocrx_word' id='word_1_20' title='bbox 868 854 1032 947; x_wconf 90' lang='lat' dir='ltr'>hostisque</span> <span class='ocrx_word' id='word_1_21' title='bbox 1051 854 1192 925; x_wconf 85' lang='lat' dir='ltr'>draconi.</span> 
     </span>
     <span class='ocr_line' id='line_1_5' title="bbox 306 993 1103 1085; baseline 0 -20"><span class='ocrx_word' id='word_1_22' title='bbox 306 995 488 1085; x_wconf 83' lang='lat' dir='ltr'>Conspectu</span> <span class='ocrx_word' id='word_1_23' title='bbox 508 997 541 1063; x_wconf 93' lang='lat' dir='ltr'>in</span> <span class='ocrx_word' id='word_1_24' title='bbox 558 995 653 1064; x_wconf 89' lang='lat' dir='ltr'>furias</span> <span class='ocrx_word' id='word_1_25' title='bbox 673 996 775 1084; x_wconf 86' lang='lat' dir='ltr'>agitur</span> <span class='ocrx_word' id='word_1_26' title='bbox 793 993 948 1065; x_wconf 88' lang='lat' dir='ltr'>candente</span> <span class='ocrx_word' id='word_1_27' title='bbox 966 995 1073 1066; x_wconf 92' lang='lat' dir='ltr'>colore</span> <span class='ocrx_word' id='word_1_28' title='bbox 1095 1021 1103 1065; x_wconf 91' lang='lat'>:</span> 
     </span>
     <span class='ocr_line' id='line_1_6' title="bbox 306 1134 991 1224; baseline -0.001 -19"><span class='ocrx_word' id='word_1_29' title='bbox 306 1135 466 1205; x_wconf 89' lang='lat' dir='ltr'>Grunnitu</span> <span class='ocrx_word' id='word_1_30' title='bbox 484 1135 608 1224; x_wconf 90' lang='lat' dir='ltr'>pecoris</span> <span class='ocrx_word' id='word_1_31' title='bbox 626 1151 879 1223; x_wconf 89' lang='lat' dir='ltr'>perterreturque</span> <span class='ocrx_word' id='word_1_32' title='bbox 895 1134 991 1204; x_wconf 90' lang='lat' dir='ltr'>suilli.</span> 
     </span>
    </p>

    <p class='ocr_par' dir='ltr' id='par_1_5' title="bbox 305 1271 1257 1644">
     <span class='ocr_line' id='line_1_7' title="bbox 306 1271 1177 1365; baseline -0.002 -21"><span class='ocrx_word' id='word_1_33' title='bbox 306 1275 463 1364; x_wconf 87' lang='lat' dir='ltr'>Corniger</span> <span class='ocrx_word' id='word_1_34' title='bbox 479 1274 514 1341; x_wconf 93' lang='lat' dir='ltr'>in</span> <span class='ocrx_word' id='word_1_35' title='bbox 534 1275 644 1362; x_wconf 90' lang='lat' dir='ltr'>primis</span> <span class='ocrx_word' id='word_1_36' title='bbox 662 1274 742 1342; x_wconf 89' lang='lat' dir='ltr'>aries</span> <span class='ocrx_word' id='word_1_37' title='bbox 758 1271 904 1343; x_wconf 91' lang='lat' dir='ltr'>rabidum</span> <span class='ocrx_word' id='word_1_38' title='bbox 924 1272 1033 1344; x_wconf 90' lang='lat' dir='ltr'>domat</span> <span class='ocrx_word' id='word_1_39' title='bbox 1053 1298 1061 1343; x_wconf 74' lang='grc' dir='ltr'><strong>ε</strong></span> <span class='ocrx_word' id='word_1_40' title='bbox 1082 1272 1177 1365; x_wconf 85' lang='lat' dir='ltr'>hujus</span> 
     </span>
     <span class='ocr_line' id='line_1_8' title="bbox 305 1410 1257 1502; baseline -0.003 -18"><span class='ocrx_word' id='word_1_41' title='bbox 305 1410 485 1483; x_wconf 85' lang='lat' dir='ltr'>Confestim</span> <span class='ocrx_word' id='word_1_42' title='bbox 503 1411 652 1501; x_wconf 85' lang='lat' dir='ltr'>adspectu</span> <span class='ocrx_word' id='word_1_43' title='bbox 671 1410 812 1502; x_wconf 91' lang='lat' dir='ltr'>placidus</span> <span class='ocrx_word' id='word_1_44' title='bbox 831 1413 981 1502; x_wconf 90' lang='lat' dir='ltr'>mitisque</span> <span class='ocrx_word' id='word_1_45' title='bbox 1000 1413 1146 1502; x_wconf 90' lang='lat' dir='ltr'>quiescit.</span> <span class='ocrx_word' id='word_1_46' title='bbox 1253 1456 1257 1462; x_wconf 91' lang='lat'>-</span> 
     </span>
     <span class='ocr_line' id='line_1_9' title="bbox 308 1550 1178 1644; baseline 0.001 -25"><span class='ocrx_word' id='word_1_47' title='bbox 308 1551 399 1631; x_wconf 91' lang='lat' dir='ltr'>Quin</span> <span class='ocrx_word' id='word_1_48' title='bbox 419 1571 449 1620; x_wconf 90' lang='lat' dir='ltr'>et</span> <span class='ocrx_word' id='word_1_49' title='bbox 468 1550 616 1621; x_wconf 84' lang='lat' dir='ltr'>formicas</span> <span class='ocrx_word' id='word_1_50' title='bbox 635 1576 816 1643; x_wconf 81' lang='lat' dir='ltr'>mutesque,</span> <span class='ocrx_word' id='word_1_51' title='bbox 837 1552 1034 1644; x_wconf 90' lang='lat' dir='ltr'>proboscidis</span> <span class='ocrx_word' id='word_1_52' title='bbox 1051 1572 1178 1623; x_wconf 84' lang='lat' dir='ltr'>antrum</span> 
     </span>
    </p>

    <p class='ocr_par' dir='ltr' id='par_1_6' title="bbox 248 1688 1144 1914">
     <span class='ocr_line' id='line_1_10' title="bbox 248 1688 1144 1775; baseline -0.003 -14"><span class='ocrx_word' id='word_1_53' title='bbox 248 1709 252 1718; x_wconf 88' lang='grc'><strong><em>·</em></strong></span> <span class='ocrx_word' id='word_1_54' title='bbox 306 1690 358 1761; x_wconf 92' lang='lat' dir='ltr'>Ne</span> <span class='ocrx_word' id='word_1_55' title='bbox 376 1712 483 1759; x_wconf 91' lang='lat' dir='ltr'>morsu</span> <span class='ocrx_word' id='word_1_56' title='bbox 502 1688 653 1759; x_wconf 91' lang='lat' dir='ltr'>infestent</span> <span class='ocrx_word' id='word_1_57' title='bbox 670 1708 828 1775; x_wconf 90' lang='lat' dir='ltr'>metuens,</span> <span class='ocrx_word' id='word_1_58' title='bbox 850 1689 999 1761; x_wconf 88' lang='lat' dir='ltr'>formidat</span> <span class='ocrx_word' id='word_1_59' title='bbox 1017 1709 1048 1760; x_wconf 90' lang='lat' dir='ltr'>et</span> <span class='ocrx_word' id='word_1_60' title='bbox 1065 1689 1144 1761; x_wconf 91' lang='lat' dir='ltr'>odit.</span> 
     </span>
     <span class='ocr_line' id='line_1_11' title="bbox 304 1825 1016 1914; baseline 0.001 -17"><span class='ocrx_word' id='word_1_61' title='bbox 304 1830 404 1898; x_wconf 86' lang='lat' dir='ltr'>Exura</span> <span class='ocrx_word' id='word_1_62' title='bbox 422 1828 555 1911; x_wconf 85' lang='lat' dir='ltr'>feritate,</span> <span class='ocrx_word' id='word_1_63' title='bbox 577 1825 694 1912; x_wconf 89' lang='lat' dir='ltr'>bonus,</span> <span class='ocrx_word' id='word_1_64' title='bbox 714 1830 812 1913; x_wconf 89' lang='lat' dir='ltr'>cicur,</span> <span class='ocrx_word' id='word_1_65' title='bbox 832 1827 1016 1914; x_wconf 83' lang='lat' dir='ltr'>officiosus3</span> 
     </span>
    </p>
   </div>
   <div class='ocr_carea' id='block_1_3' title="bbox 304 1963 1083 2055">
    <p class='ocr_par' dir='ltr' id='par_1_7' title="bbox 304 1963 1083 2055">
     <span class='ocr_line' id='line_1_12' title="bbox 304 1963 1083 2055; baseline 0 -20"><span class='ocrx_word' id='word_1_66' title='bbox 304 1966 468 2055; x_wconf 88' lang='lat' dir='ltr'>Unguenti</span> <span class='ocrx_word' id='word_1_67' title='bbox 488 1984 519 2033; x_wconf 87' lang='lat' dir='ltr'>et</span> <span class='ocrx_word' id='word_1_68' title='bbox 537 1963 653 2033; x_wconf 91' lang='lat' dir='ltr'>flomm</span> <span class='ocrx_word' id='word_1_69' title='bbox 670 1983 760 2054; x_wconf 87' lang='lat' dir='ltr'>grato</span> <span class='ocrx_word' id='word_1_70' title='bbox 778 1964 935 2035; x_wconf 89' lang='lat' dir='ltr'>mulcetur</span> <span class='ocrx_word' id='word_1_71' title='bbox 953 1963 1053 2036; x_wconf 89' lang='lat' dir='ltr'>odore</span> <span class='ocrx_word' id='word_1_72' title='bbox 1075 1989 1083 2035; x_wconf 75' lang='grc' dir='ltr'><strong>ε</strong></span> 
     </span>
    </p>
   </div>
   <div class='ocr_carea' id='block_1_4' title="bbox 185 2101 1267 2194">
    <p class='ocr_par' dir='ltr' id='par_1_8' title="bbox 185 2101 1267 2194">
     <span class='ocr_line' id='line_1_13' title="bbox 185 2101 1267 2194; baseline 0.003 -22"><span class='ocrx_word' id='word_1_73' title='bbox 185 2176 193 2193; x_wconf 94' lang='lat'>.</span> <span class='ocrx_word' id='word_1_74' title='bbox 305 2102 356 2173; x_wconf 88' lang='lat' dir='ltr'>Ad</span> <span class='ocrx_word' id='word_1_75' title='bbox 373 2123 503 2174; x_wconf 90' lang='lat' dir='ltr'>cantum</span> <span class='ocrx_word' id='word_1_76' title='bbox 522 2102 667 2188; x_wconf 87' lang='lat' dir='ltr'>exsultat,</span> <span class='ocrx_word' id='word_1_77' title='bbox 688 2102 886 2194; x_wconf 91' lang='lat' dir='ltr'>pedibusque</span> <span class='ocrx_word' id='word_1_78' title='bbox 905 2102 944 2173; x_wconf 90' lang='lat' dir='ltr'>ad</span> <span class='ocrx_word' id='word_1_79' title='bbox 962 2123 1113 2194; x_wconf 87' lang='lat' dir='ltr'>tympana</span> <span class='ocrx_word' id='word_1_80' title='bbox 1131 2101 1267 2193; x_wconf 86' lang='lat' dir='ltr'>plaudit.</span> 
     </span>
    </p>
   </div>
   <div class='ocr_carea' id='block_1_5' title="bbox 304 2240 1208 3024">
    <p class='ocr_par' dir='ltr' id='par_1_9' title="bbox 304 2240 1208 3024">
     <span class='ocr_line' id='line_1_14' title="bbox 304 2240 1137 2332; baseline -0.001 -20"><span class='ocrx_word' id='word_1_81' title='bbox 304 2243 453 2312; x_wconf 88' lang='lat' dir='ltr'>Turritus</span> <span class='ocrx_word' id='word_1_82' title='bbox 470 2241 592 2332; x_wconf 89' lang='lat' dir='ltr'>pedites</span> <span class='ocrx_word' id='word_1_83' title='bbox 609 2241 668 2312; x_wconf 91' lang='lat' dir='ltr'>fert</span> <span class='ocrx_word' id='word_1_84' title='bbox 688 2240 783 2311; x_wconf 92' lang='lat' dir='ltr'>dorso</span> <span class='ocrx_word' id='word_1_85' title='bbox 805 2268 813 2311; x_wconf 77' lang='grc' dir='ltr'><strong><em>ε</em></strong></span> <span class='ocrx_word' id='word_1_86' title='bbox 833 2241 936 2313; x_wconf 89' lang='lat' dir='ltr'>tendit</span> <span class='ocrx_word' id='word_1_87' title='bbox 954 2245 988 2311; x_wconf 93' lang='lat' dir='ltr'>in</span> <span class='ocrx_word' id='word_1_88' title='bbox 1006 2242 1137 2326; x_wconf 82' lang='lat' dir='ltr'>hostes3</span> 
     </span>
     <span class='ocr_line' id='line_1_15' title="bbox 305 2382 1082 2472; baseline -0.001 -21"><span class='ocrx_word' id='word_1_89' title='bbox 305 2382 440 2453; x_wconf 89' lang='lat' dir='ltr'>Proterit</span> <span class='ocrx_word' id='word_1_90' title='bbox 458 2401 606 2467; x_wconf 86' lang='lat' dir='ltr'>armatos,</span> <span class='ocrx_word' id='word_1_91' title='bbox 629 2383 712 2451; x_wconf 92' lang='lat' dir='ltr'>acies</span> <span class='ocrx_word' id='word_1_92' title='bbox 731 2383 906 2472; x_wconf 88' lang='lat' dir='ltr'>sternitque</span> <span class='ocrx_word' id='word_1_93' title='bbox 925 2400 1082 2451; x_wconf 85' lang='lat' dir='ltr'>cruentas.</span> 
     </span>
     <span class='ocr_line' id='line_1_16' title="bbox 304 2518 1120 2610; baseline -0.002 -22"><span class='ocrx_word' id='word_1_94' title='bbox 304 2521 415 2605; x_wconf 87' lang='lat' dir='ltr'>Barrit,</span> <span class='ocrx_word' id='word_1_95' title='bbox 439 2539 470 2590; x_wconf 93' lang='lat' dir='ltr'>et</span> <span class='ocrx_word' id='word_1_96' title='bbox 486 2518 649 2590; x_wconf 91' lang='lat' dir='ltr'>horrendo</span> <span class='ocrx_word' id='word_1_97' title='bbox 669 2539 763 2589; x_wconf 90' lang='lat' dir='ltr'>terret</span> <span class='ocrx_word' id='word_1_98' title='bbox 782 2518 917 2589; x_wconf 90' lang='lat' dir='ltr'>stridore</span> <span class='ocrx_word' id='word_1_99' title='bbox 936 2518 1120 2610; x_wconf 87' lang='lat' dir='ltr'>phalanges.</span> 
     </span>
     <span class='ocr_line' id='line_1_17' title="bbox 304 2655 1208 2747; baseline 0.001 -22"><span class='ocrx_word' id='word_1_100' title='bbox 304 2655 538 2746; x_wconf 91' lang='lat' dir='ltr'>Quadrupedes</span> <span class='ocrx_word' id='word_1_101' title='bbox 558 2680 666 2740; x_wconf 90' lang='lat' dir='ltr'>sensu,</span> <span class='ocrx_word' id='word_1_102' title='bbox 686 2659 829 2747; x_wconf 91' lang='lat' dir='ltr'>ingenio,</span> <span class='ocrx_word' id='word_1_103' title='bbox 850 2659 1065 2746; x_wconf 90' lang='lat' dir='ltr'>supereminet</span> <span class='ocrx_word' id='word_1_104' title='bbox 1083 2680 1208 2727; x_wconf 89' lang='lat' dir='ltr'>omnes.</span> 
     </span>
     <span class='ocr_line' id='line_1_18' title="bbox 305 2792 1085 2866; baseline 0.005 -4"><span class='ocrx_word' id='word_1_105' title='bbox 305 2792 415 2862; x_wconf 84' lang='lat' dir='ltr'>Solem</span> <span class='ocrx_word' id='word_1_106' title='bbox 432 2816 506 2862; x_wconf 91' lang='lat' dir='ltr'>cum</span> <span class='ocrx_word' id='word_1_107' title='bbox 525 2792 600 2861; x_wconf 89' lang='lat' dir='ltr'>luna</span> <span class='ocrx_word' id='word_1_108' title='bbox 618 2817 745 2863; x_wconf 92' lang='lat' dir='ltr'>summo</span> <span class='ocrx_word' id='word_1_109' title='bbox 764 2814 931 2864; x_wconf 83' lang='lat' dir='ltr'>veneratur</span> <span class='ocrx_word' id='word_1_110' title='bbox 950 2795 1085 2866; x_wconf 89' lang='lat' dir='ltr'>honore.</span> 
     </span>
     <span class='ocr_line' id='line_1_19' title="bbox 305 2930 1093 3024; baseline 0.001 -23"><span class='ocrx_word' id='word_1_111' title='bbox 305 2930 440 3016; x_wconf 92' lang='lat' dir='ltr'>Debilis,</span> <span class='ocrx_word' id='word_1_112' title='bbox 463 2948 615 3015; x_wconf 88' lang='lat' dir='ltr'>annosus,</span> <span class='ocrx_word' id='word_1_113' title='bbox 636 2930 797 3024; x_wconf 88' lang='lat' dir='ltr'>lassusque</span> <span class='ocrx_word' id='word_1_114' title='bbox 816 2956 833 3002; x_wconf 92' lang='lat' dir='ltr'>a</span> <span class='ocrx_word' id='word_1_115' title='bbox 851 2933 940 3024; x_wconf 90' lang='lat' dir='ltr'>prole</span> <span class='ocrx_word' id='word_1_116' title='bbox 958 2933 1093 3004; x_wconf 91' lang='lat' dir='ltr'>fovetur.</span> 
     </span>
    </p>
   </div>
   <div class='ocr_carea' id='block_1_6' title="bbox 306 3068 1048 3157">
    <p class='ocr_par' dir='ltr' id='par_1_10' title="bbox 306 3068 1048 3157">
     <span class='ocr_line' id='line_1_20' title="bbox 306 3068 1048 3157; baseline 0.003 -18"><span class='ocrx_word' id='word_1_117' title='bbox 306 3073 419 3141; x_wconf 87' lang='lat' dir='ltr'>Annos</span> <span class='ocrx_word' id='word_1_118' title='bbox 438 3088 564 3140; x_wconf 85' lang='lat' dir='ltr'>aetatem</span> <span class='ocrx_word' id='word_1_119' title='bbox 582 3068 629 3138; x_wconf 90' lang='lat' dir='ltr'>bis</span> <span class='ocrx_word' id='word_1_120' title='bbox 647 3090 776 3141; x_wconf 89' lang='lat' dir='ltr'>centum</span> <span class='ocrx_word' id='word_1_121' title='bbox 795 3072 884 3157; x_wconf 89' lang='lat' dir='ltr'>vivit,</span> <span class='ocrx_word' id='word_1_122' title='bbox 905 3091 936 3142; x_wconf 90' lang='lat' dir='ltr'>et</span> <span class='ocrx_word' id='word_1_123' title='bbox 957 3072 1048 3143; x_wconf 89' lang='lat' dir='ltr'>ultra.</span> 
     </span>
    </p>
   </div>
   <div class='ocr_carea' id='block_1_7' title="bbox 734 3264 899 3333">
    <p class='ocr_par' dir='ltr' id='par_1_11' title="bbox 734 3264 899 3333">
     <span class='ocr_line' id='line_1_21' title="bbox 734 3264 899 3333; baseline 0.006 -1"><span class='ocrx_word' id='word_1_124' title='bbox 734 3264 899 3333; x_wconf 74' lang='lat' dir='ltr'>Clunuus.</span> 
     </span>
    </p>
   </div>
   <div class='ocr_carea' id='block_1_8' title="bbox 305 3434 1075 3534">
    <p class='ocr_par' dir='ltr' id='par_1_12' title="bbox 305 3434 1075 3534">
     <span class='ocr_line' id='line_1_22' title="bbox 305 3434 1075 3534; baseline 0.004 -23"><span class='ocrx_word' id='word_1_125' title='bbox 305 3434 421 3513; x_wconf 87' lang='lat' dir='ltr'>Densis</span> <span class='ocrx_word' id='word_1_126' title='bbox 439 3442 521 3513; x_wconf 90' lang='lat' dir='ltr'>hirta</span> <span class='ocrx_word' id='word_1_127' title='bbox 539 3445 621 3534; x_wconf 90' lang='lat' dir='ltr'>pilis,</span> <span class='ocrx_word' id='word_1_128' title='bbox 644 3463 675 3514; x_wconf 92' lang='lat' dir='ltr'>et</span> <span class='ocrx_word' id='word_1_129' title='bbox 694 3443 779 3534; x_wconf 91' lang='lat' dir='ltr'>pulla</span> <span class='ocrx_word' id='word_1_130' title='bbox 799 3444 906 3515; x_wconf 88' lang='lat' dir='ltr'>colore</span> <span class='ocrx_word' id='word_1_131' title='bbox 924 3445 1075 3530; x_wconf 86' lang='lat' dir='ltr'>camelus,</span> 
     </span>
    </p>
   </div>
   <div class='ocr_carea' id='block_1_9' title="bbox 306 3581 1112 3674">
    <p class='ocr_par' dir='ltr' id='par_1_13' title="bbox 306 3581 1112 3674">
     <span class='ocr_line' id='line_1_23' title="bbox 306 3581 1112 3674; baseline 0.001 -23"><span class='ocrx_word' id='word_1_132' title='bbox 306 3581 528 3652; x_wconf 89' lang='lat' dir='ltr'>Membromm</span> <span class='ocrx_word' id='word_1_133' title='bbox 547 3583 635 3653; x_wconf 90' lang='lat' dir='ltr'>fortis</span> <span class='ocrx_word' id='word_1_134' title='bbox 654 3587 855 3674; x_wconf 86' lang='lat' dir='ltr'>compagine,</span> <span class='ocrx_word' id='word_1_135' title='bbox 877 3583 991 3654; x_wconf 91' lang='lat' dir='ltr'>robore</span> <span class='ocrx_word' id='word_1_136' title='bbox 1009 3585 1112 3669; x_wconf 85' lang='lat' dir='ltr'>firma,</span> 
     </span>
    </p>
   </div>
   <div class='ocr_carea' id='block_1_10' title="bbox 221 3719 1172 4088">
    <p class='ocr_par' dir='ltr' id='par_1_14' title="bbox 221 3719 1172 4088">
     <span class='ocr_line' id='line_1_24' title="bbox 306 3719 1172 3813; baseline 0 -22"><span class='ocrx_word' id='word_1_137' title='bbox 306 3719 460 3791; x_wconf 91' lang='lat' dir='ltr'>Cruribus</span> <span class='ocrx_word' id='word_1_138' title='bbox 479 3740 510 3791; x_wconf 89' lang='lat' dir='ltr'>et</span> <span class='ocrx_word' id='word_1_139' title='bbox 529 3720 613 3791; x_wconf 93' lang='lat' dir='ltr'>collo</span> <span class='ocrx_word' id='word_1_140' title='bbox 630 3720 727 3812; x_wconf 92' lang='lat' dir='ltr'>longa</span> <span class='ocrx_word' id='word_1_141' title='bbox 745 3742 802 3806; x_wconf 91' lang='lat' dir='ltr'>est,</span> <span class='ocrx_word' id='word_1_142' title='bbox 823 3720 1020 3813; x_wconf 90' lang='lat' dir='ltr'>pedibusque</span> <span class='ocrx_word' id='word_1_143' title='bbox 1040 3720 1172 3791; x_wconf 88' lang='lat' dir='ltr'>bisulca.</span> 
     </span>
     <span class='ocr_line' id='line_1_25' title="bbox 307 3857 1112 3951; baseline 0.004 -24"><span class='ocrx_word' id='word_1_144' title='bbox 307 3857 391 3928; x_wconf 81' lang='lat' dir='ltr'>Folle</span> <span class='ocrx_word' id='word_1_145' title='bbox 409 3878 492 3929; x_wconf 90' lang='lat' dir='ltr'>caret</span> <span class='ocrx_word' id='word_1_146' title='bbox 502 3885 512 3943; x_wconf 84' lang='lat'>3</span> <span class='ocrx_word' id='word_1_147' title='bbox 533 3861 624 3929; x_wconf 85' lang='lat' dir='ltr'>vivax</span> <span class='ocrx_word' id='word_1_148' title='bbox 641 3858 817 3950; x_wconf 90' lang='lat' dir='ltr'>permultos</span> <span class='ocrx_word' id='word_1_149' title='bbox 836 3863 981 3951; x_wconf 89' lang='lat' dir='ltr'>transigit</span> <span class='ocrx_word' id='word_1_150' title='bbox 999 3883 1112 3930; x_wconf 88' lang='lat' dir='ltr'>annos.</span> 
     </span>
     <span class='ocr_line' id='line_1_26' title="bbox 221 3996 1095 4088; baseline 0.001 -21"><span class='ocrx_word' id='word_1_151' title='bbox 221 4046 229 4067; x_wconf 92' lang='lat'>.</span> <span class='ocrx_word' id='word_1_152' title='bbox 306 3996 408 4066; x_wconf 86' lang='lat' dir='ltr'>Flexis</span> <span class='ocrx_word' id='word_1_153' title='bbox 426 4021 459 4066; x_wconf 90' lang='lat' dir='ltr'>se</span> <span class='ocrx_word' id='word_1_154' title='bbox 476 3996 610 4087; x_wconf 88' lang='lat' dir='ltr'>genibus</span> <span class='ocrx_word' id='word_1_155' title='bbox 629 3996 786 4068; x_wconf 90' lang='lat' dir='ltr'>submittit</span> <span class='ocrx_word' id='word_1_156' title='bbox 808 4023 815 4067; x_wconf 91' lang='lat'><strong>:</strong></span> <span class='ocrx_word' id='word_1_157' title='bbox 838 3997 980 4088; x_wconf 88' lang='lat' dir='ltr'>pondera</span> <span class='ocrx_word' id='word_1_158' title='bbox 1000 3999 1095 4070; x_wconf 92' lang='lat' dir='ltr'>dorso</span> 
     </span>
    </p>
   </div>
   <div class='ocr_carea' id='block_1_11' title="bbox 307 4133 1088 4227">
    <p class='ocr_par' dir='ltr' id='par_1_15' title="bbox 307 4133 1088 4227">
     <span class='ocr_line' id='line_1_27' title="bbox 307 4133 1088 4227; baseline 0.006 -26"><span class='ocrx_word' id='word_1_159' title='bbox 307 4133 452 4223; x_wconf 80' lang='lat' dir='ltr'>Excipit3</span> <span class='ocrx_word' id='word_1_160' title='bbox 473 4135 609 4205; x_wconf 88' lang='lat' dir='ltr'>adsuetis</span> <span class='ocrx_word' id='word_1_161' title='bbox 628 4137 748 4223; x_wconf 87' lang='lat' dir='ltr'>justum</span> <span class='ocrx_word' id='word_1_162' title='bbox 766 4138 874 4225; x_wconf 90' lang='lat' dir='ltr'>spatiis</span> <span class='ocrx_word' id='word_1_163' title='bbox 893 4161 975 4207; x_wconf 89' lang='lat' dir='ltr'>onus</span> <span class='ocrx_word' id='word_1_164' title='bbox 994 4161 1088 4227; x_wconf 88' lang='lat' dir='ltr'>aequo</span> 
     </span>
    </p>
   </div>
   <div class='ocr_carea' id='block_1_12' title="bbox 0 0 1525 5204">
    <p class='ocr_par' dir='ltr' id='par_1_16' title="bbox 0 0 1525 5204">
     <span class='ocr_line' id='line_1_28' title="bbox 0 0 1525 5204; baseline 0 0"><span class='ocrx_word' id='word_1_165' title='bbox 0 0 1525 5204; x_wconf 95' lang='lat' dir='ltr'> </span> 
     </span>
    </p>
   </div>
  </div>
 </body>
</html>
