3038 5204
700 471 875 561 -36-

272 681 403 747 Fructus
424 703 431 746 ε
454 700 520 745 non
535 674 652 758 sorbet,
672 673 729 744 sed
747 698 842 764 aquas
860 696 949 745 vorat
967 700 1022 746 ore
1041 696 1190 748 cruent0.

175 987 181 1000 ·
272 954 366 1033 Quos
383 956 493 1044 genuit
512 951 631 1023 catulos
649 952 770 1036 lambit,
793 951 1007 1044 lingendoque
1031 978 1151 1023 massas

271 1091 426 1162 Informes
444 1091 571 1176 format,
591 1094 777 1182 gremioque
797 1111 924 1181 tepente
941 1092 1072 1163 focillat.

717 1312 846 1382 Vacca.

274 1515 434 1604 Adspectu
452 1525 605 1604 generosa
623 1538 718 1584 vacca
733 1534 824 1585 torvo
845 1543 852 1585 :

274 1653 449 1741 Compacto
469 1650 549 1721 bene
568 1674 699 1741 corpore
719 1671 811 1743 atque
832 1655 942 1743 opimo
964 1679 971 1723 :

273 1789 349 1858 Lata
366 1789 470 1860 fronte
477 1815 487 1874 ;
508 1789 715 1880 nigrantibus,
735 1791 855 1880 politis,

273 1926 377 1995 Planis
396 1927 543 1996 cornibus
563 1954 570 1996 ε
592 1928 719 1997 auribus
739 1928 850 2019 pilosis
872 1956 880 1999 :

274 2063 340 2133 Sub
357 2083 466 2134 mento
484 2064 724 2158 palearibusque
742 2066 848 2159 longis
869 2095 876 2138 :

272 2203 350 2272 Non
367 2201 430 2272 lato
449 2204 528 2293 pede
549 2229 556 2275 :
577 2229 666 2274 crure
684 2230 743 2274 nec
762 2209 900 2277 minuto.

273 2339 377 2428 Hujus
395 2318 424 2406 si
440 2338 536 2411 ubera
551 2341 630 2412 lacte
649 2341 743 2432 plena
761 2345 884 2434 pingui,

272 2477 324 2545 Bis
343 2475 519 2580 mulctralia
536 2478 676 2570 repleant
693 2480 744 2551 die
762 2484 864 2565 omni,

274 2615 337 2685 Bos
356 2613 424 2684 baec
442 2615 575 2685 foemina
593 2619 659 2707 jure
678 2620 736 2689 erit
751 2617 913 2709 probanda
934 2644 942 2687 :

273 2749 364 2818 Hanc
383 2734 426 2818 ne¹
442 2773 567 2839 pascere
586 2752 709 2824 desinas
728 2755 855 2825 colone.

668 3073 670 3078 f
740 2975 816 3043 Bos.

272 3186 334 3254 Bos
353 3203 474 3271 torvus,
496 3188 678 3257 cerebrosus
697 3190 883 3284 efferusque‚

196 3328 203 3338 ’
272 3320 562 3402 Robustis·validus
580 3344 757 3417 potensque
777 3331 928 3401 membris
950 3358 956 3399 :

271 3459 430 3529 Castratus
440 3486 451 3547 ;
473 3461 661 3552 genitalium
679 3467 811 3535 remisso

269 3598 414 3683 Pruritu;
436 3597 577 3688 placidus
593 3600 641 3683 fit,
664 3619 757 3691 atque
774 3603 912 3692 pinguis.

270 3734 455 3804 Mansuetus
473 3738 546 3826 juga
562 3735 643 3804 ferre
662 3759 728 3805 non
746 3758 890 3824 recusat3

269 3869 308 3938 Et
326 3886 443 3938 terram
462 3872 585 3959 patiens
604 3869 723 3942 arando
740 3894 855 3958 versat,

268 3999 332 4076 Aut
349 4031 457 4097 gressu
476 4007 572 4078 trahit
591 4007 739 4079 essedum
757 4011 916 4082 modesto.

268 4144 424 4214 Mactatur
443 4149 551 4216 senior
569 4147 677 4218 labore
696 4148 824 4234 fractus,
