3038 5204
383 702 515 772 Talibus
533 705 656 772 attritus
674 723 846 793 noctesque
864 703 996 794 diesque
1014 702 1178 792 palaestris,

469 840 523 908 Nil
541 842 602 908 nisi
621 842 803 929 pauperiem
823 841 1023 931 concilioque
1043 839 1173 909 famem.

382 1016 468 1085 Felix
485 1019 708 1107 grammaticus
727 1040 793 1085 non
813 1035 872 1098 est,
893 1016 948 1085 sed
967 1040 1026 1086 nec
1045 1015 1105 1086 fuit
1122 1040 1265 1108 unquam
1290 1042 1297 1084 :

469 1155 547 1224 Haec
566 1178 690 1238 norma,
713 1154 781 1224 haec
801 1157 926 1224 miseris
945 1153 1053 1243 regula
1070 1155 1301 1243 grammaticis.

605 1368 776 1434 Druncrus,
797 1368 931 1435 Loorcus,
952 1369 1100 1433 Souursrn,
1121 1367 1169 1421 &e

378 1550 506 1620 Assecla
525 1550 714 1634 Aristotelis,
734 1550 868 1640 logicus,
890 1549 1084 1633 dialecticus,
1107 1548 1194 1618 idem

466 1687 557 1776 Saepe
575 1706 745 1777 argutator,
766 1710 849 1775 saepe
868 1687 1009 1776 sophista'
1028 1709 1138 1757 vocor.

378 1827 519 1909 Disser0,
541 1824 714 1915 distinguo,
736 1825 868 1908 definio,
890 1818 1029 1915 disputo,
1052 1829 1148 1910 rixor,

464 1963 599 2032 Affirmo
619 1984 712 2054 atque
732 1988 827 2054 nego,
848 1985 970 2053 partem
989 1968 1022 2032 in
1041 1984 1207 2055 utramque
1224 1964 1340 2054 probo.

379 2104 460 2172 Sunt
477 2128 589 2193 genus,
614 2125 645 2173 et
663 2107 796 2193 species,
818 2104 1002 2188 substantia,
1024 2125 1055 2174 et
1074 2129 1171 2174 omne
1190 2104 1278 2196 quod
1296 2106 1345 2176 illi
1370 2169 1372 2175 ,

464 2243 600 2326 Accidit,
621 2246 655 2311 in
674 2246 788 2312 nostris
807 2247 910 2333 prima
928 2245 1086 2313 elementa
1104 2242 1234 2313 scholis.

378 2382 465 2450 Tum
483 2380 568 2450 subit
586 2384 619 2448 iu
639 2385 738 2450 varias
757 2379 905 2450 distincta
921 2383 1024 2450 oratio
1043 2401 1159 2471 partes.

463 2524 548 2590 Hinc
567 2522 621 2590 Est
640 2540 671 2590 et
688 2523 765 2589 Nou
785 2541 843 2603 est,
864 2519 926 2589 litis
946 2523 1037 2610 origo
1055 2523 1154 2591 venit.

374 2656 697 2740 Barbara,'Celarent,
717 2658 900 2747 similesque
919 2656 1007 2726 modi
1026 2678 1120 2748 atque
1138 2658 1247 2748 figurae

464 2799 544 2867 Sunt
562 2797 772 2868 concludendi
792 2797 929 2888 qualibet
948 2819 1013 2868 arte
1032 2801 1104 2869 viae.

376 2935 409 3003 Si
428 2935 507 3003 nihil
527 2935 595 3004 haec
613 2955 765 3024 prosunt3
786 2955 900 3025 praesto
920 2955 967 3005 est
984 2933 1116 3018 fallacia,
1136 2959 1207 3026 quae
1226 2958 1304 3004 mox

461 3071 640 3142 Concludat
656 3072 747 3142 vafris
767 3075 849 3162 Ergo
867 3075 1027 3164 igiturque
1046 3072 1139 3164 logis.

372 3242 528 3333 Quisquis
548 3268 633 3312 amas
652 3269 760 3312 rerum
777 3269 866 3314 veras
886 3269 1080 3336 cognoscere
1099 3269 1218 3329 causas,

458 3380 590 3450 Abstine
610 3380 647 3450 ab
665 3383 781 3471 argutis
802 3382 921 3474 discere
940 3383 1040 3451 multa
1060 3382 1180 3473 sophis.

604 3616 735 3684 Ouirou,
756 3617 882 3684 Rumon,
904 3617 1086 3687 ciusmrcos,
1107 3621 1154 3674 &c

369 3793 499 3877 Orator,
520 3791 637 3874 rhetor,
659 3811 821 3882 patronus,
843 3791 1096 3884 causidicusque,

458 3929 548 3999 Olim
567 3928 710 3998 sublimis
729 3931 862 3997 nomina
882 3929 1013 3999 honoris
1032 3951 1133 4001 erant.

366 4067 461 4140 Nunc
479 4068 597 4154 rabula,
618 4087 649 4136 et
668 4067 728 4135 fori
747 4067 874 4152 hirudo,
895 4069 1113 4161 vulturiusque
1135 4089 1272 4159 togatus,

454 4207 482 4271 A
501 4204 596 4293 vulgo
616 4205 778 4293 opprobrii
798 4209 930 4276 uomina
950 4211 1059 4298 iniqua
1077 4208 1157 4278 fero,
