3038 5204
474 765 587 834 Maura
605 768 778 837 domuum
800 768 951 838 Eurruru
974 789 1095 839 umus.

276 1006 406 1078 Abrami
426 1010 531 1096 neptis
548 1011 657 1096 juveni
675 1008 753 1080 dum
772 1009 872 1082 credit
890 1014 1020 1095 amanti,

362 1145 433 1216 Exit
451 1144 623 1231 desertum
645 1147 840 1241 luxuriaeque
857 1170 959 1222 vacat.

274 1273 350 1355 Post
368 1305 500 1375 pertaesa
519 1285 639 1375 probri,
659 1291 772 1379 repetit
790 1312 887 1381 quam
906 1291 999 1382 liquit
1018 1312 1175 1372 eremum,

363 1426 400 1495 Et
419 1426 555 1496 moritur
572 1424 663 1496 claris
681 1431 785 1498 cincta
802 1449 897 1519 caput
915 1428 1021 1499 radiis.

719 1703 837 1773 Turis.

272 1952 397 2026 Thaida
415 1955 563 2024 lascivam
581 1956 756 2028 Pannutius
777 1958 878 2046 arguit
898 1955 1004 2040 abbas,

360 2094 398 2164 Et
417 2114 528 2165 mouet
546 2093 750 2166 immundum
769 2095 912 2185 linquere
932 2092 1158 2185 prostibulum.

271 2231 326 2303 Illa
342 2230 442 2306 tribus
461 2233 548 2304 cellae
568 2233 704 2306 claustro
722 2258 756 2304 se
775 2237 920 2306 continet
938 2238 1027 2304 annis
1050 2261 1057 2303 :

357 2372 485 2447 Mortua
503 2396 589 2446 nunc
608 2375 686 2443 vivit
705 2371 871 2443 conciliata
889 2373 974 2444 Deo.
1043 2352 1048 2360 ⁴

527 2654 670 2723 Parrum
699 2674 783 2722 uum
811 2654 1040 2725 Autrocrrrm.

269 2910 314 2980 Ut
332 2911 430 2979 mima
447 2928 479 2978 et
496 2909 645 2978 meretrix
661 2909 761 2977 vitam
778 2906 980 2978 Antiochena
1004 2906 1190 2998 probrosam

360 3046 517 3136 Corrigat,
538 3064 569 3115 et
589 3041 819 3118 dure'crimina
838 3042 905 3116 dira
921 3045 987 3118 luat
998 3071 1008 3130 ;

268 3187 305 3255 In
324 3186 451 3256 tacitam
470 3182 585 3255 devota
604 3184 676 3254 Deo
696 3182 829 3255 discedit
848 3207 993 3257 eremum
1013 3210 1021 3252 :

358 3322 441 3392 Hinc
458 3323 600 3394 moriens
618 3321 738 3395 coelum
756 3325 870 3412 migrat
887 3325 922 3394 in
942 3322 1122 3396 aetherium.

599 3605 739 3676 Courrl
761 3625 802 3674 rr
820 3605 957 3676 Nrcosr.

269 3853 430 3924 Scortator
449 3850 581 3943 Babylas
600 3853 717 3920 mimus
736 3850 870 3935 foedam,
889 3849 973 3920 edita
991 3851 1025 3918 iu
1050 3871 1119 3919 arce

355 3991 478 4081 Sponte
497 4014 553 4063 sua
572 3990 725 4075 inclusus,
746 3991 904 4060 luxuriem
922 3989 1048 4061 domuit
1067 4014 1075 4057 ε

265 4130 344 4199 Mox
363 4152 491 4219 quoque
511 4148 613 4199 scorta
632 4128 778 4213 Cometa,
799 4128 957 4220 simulque
975 4128 1107 4211 Nicosa,
1121 4125 1236 4216 pudice
1292 4171 1295 4177 -

355 4268 400 4335 Ut
417 4269 537 4350 vivant,
560 4265 699 4337 casulam
716 4290 782 4337 non
800 4266 911 4356 procul
930 4265 1004 4335 inde
1026 4284 1163 4336 struunt.
