3038 5204
678 526 876 595 ..132-

598 737 785 806 Eunnnaxtr
808 735 962 806 Rouana.

269 983 415 1056 Discedit
433 982 548 1066 Roma,
568 980 694 1071 fugiens
711 978 889 1091 Euphraaia
905 979 1028 1066 luxum,

357 1122 458 1213 Inque
477 1118 603 1211 plagam
620 1118 735 1205 tendit,
756 1141 813 1209 per
830 1142 929 1206 mare,
949 1119 1140 1193 Thebaidis.

271 1262 430 1334 Emaciata
447 1260 518 1331 Deo
535 1259 632 1329 servit
651 1282 660 1328 ε
683 1257 790 1330 crebra
807 1280 900 1348 prece
918 1258 1028 1345 fervet,

356 1401 395 1471 Et
414 1418 541 1490 superat
560 1397 642 1469 ditas
661 1396 818 1468 daemonis
837 1398 979 1470 insidias.

633 1668 748 1737 Srtvtn
772 1669 926 1738 Ruunt.

268 1921 372 1990 Annis
392 1916 458 1988 sola
477 1935 587 2008 quater
604 1918 703 1987 vitam
719 1918 783 2006 egit
802 1914 908 2006 Sylvia
927 1914 1015 1986 denis
1037 1941 1045 1984 z

356 2058 441 2128 Luce
460 2079 568 2147 preces
588 2054 669 2126 fudit
690 2081 698 2124 τ
721 2077 815 2127 nocte
834 2057 955 2148 quievit
973 2056 1076 2128 humi.

268 2198 401 2281 Interea,
424 2214 536 2286 praeter
553 2194 683 2286 digitos,
703 2194 756 2263 vix
773 2194 915 2284 corporis
933 2193 1031 2265 ullam

357 2338 493 2421 Partem,
516 2359 581 2428 quo
600 2335 699 2407 nitida
716 2339 757 2407 sit
775 2355 859 2420 cute,
880 2336 955 2406 lavit
981 2337 1081 2426 aquis.

570 2606 755 2674 Souunonn
778 2604 984 2676 Taurini.

268 2865 352 2935 Vitae
372 2883 438 2937 acta
460 2883 492 2935 et
510 2886 630 2935 nomen
648 2865 829 2955 Sophronia
847 2869 880 2935 in
900 2864 1011 2937 arbore
1034 2867 1180 2957 sculpsit,

358 3007 464 3095 Atque
483 3006 517 3074 in
537 3002 662 3074 deserto
682 3001 795 3074 debilis
814 3001 975 3074 occubuit.
996 3031 999 3034 ·

270 3143 406 3214 Cassum
424 3145 530 3213 anima
549 3165 662 3233 corpus
681 3141 826 3213 volucres
844 3142 1051 3214 viridantibus
1070 3141 1177 3214 herbis

361 3282 401 3352 Et
418 3280 514 3367 foliis,
537 3281 636 3353 multa
655 3280 820 3354 sedulitate
838 3301 962 3371 tegunt.

471 3550 743 3622 Sancrnrounus
770 3553 1092 3623 Hnenosotrnrnana.

271 3812 373 3903 Virgo
390 3831 509 3882 sacrata
526 3813 598 3883 Deo
617 3815 767 3903 juvenem
786 3838 851 3905 quo
869 3817 948 3886 vitet
972 3832 1143 3899 amantem,

361 3951 533 4022 Desertum
552 3951 674 4024 accedit
694 3977 702 4021 :
724 3951 830 4022 sobria
847 3952 969 4024 mandit
986 3951 1093 4024 holus.

272 4090 430 4163 Monstrat
448 4088 624 4176 heremitae,
646 4113 743 4182 quam
762 4114 795 4160 se
815 4109 917 4162 servat
936 4115 1047 4182 penes,
1066 4091 1164 4162 ollam

361 4228 455 4301 Unde
475 4227 625 4303 alimenta
644 4235 739 4323 capit,
761 4256 914 4317 crescere,
936 4255 1004 4304 non
1023 4234 1137 4303 annui.
