3038 5204
680 517 722 528 ..
746 503 784 567 43
811 518 855 529 ..

678 682 852 751 Cnocuun.

260 897 398 966 Crocuta
416 896 519 981 fallax,
540 895 662 981 callida,
683 900 844 982 immanis,
866 897 968 981 feton,

259 1034 341 1102 Nata
360 1058 399 1102 ex
416 1033 530 1124 hyaena
549 1055 580 1103 et
597 1058 636 1102 ex
653 1033 764 1118 leaena,
785 1032 962 1102 immitibus

258 1171 355 1254 Feris‚
376 1170 475 1240 feram
490 1178 527 1240 'se
539 1173 674 1241 maxime
694 1190 725 1241 et
743 1168 843 1239 diram
862 1168 1000 1238 exhibet.

260 1309 400 1399 Utraque
419 1312 454 1378 in
472 1311 537 1378 oris
555 1329 641 1399 parte
660 1328 812 1399 perpetua
829 1310 923 1392 acies,

259 1447 348 1516 Dens
366 1471 482 1538 nempe
500 1451 670 1518 continuus
690 1467 722 1518 et
739 1445 884 1536 amplus,‘
895 1463 1034 1514 attamen

259 1585 395 1674 Gingiva
411 1608 538 1674 prorsus
557 1586 643 1654 nulla
661 1589 712 1655 cui
732 1586 811 1654 dens
829 1585 956 1653 haereat.

258 1723 405 1790 Densum
423 1726 458 1793 in
477 1747 591 1792 nemus
609 1748 643 1792 se
660 1722 875 1792 fraudulenter
893 1722 1022 1804 occulit,

259 1860 298 1928 Et
315 1859 401 1929 vafra
419 1862 508 1930 vocis
527 1862 592 1930 edit
609 1859 760 1928 humanae
779 1883 895 1928 sonum
917 1885 925 1928 z

258 1995 405 2085 Appellat
421 1995 602 2080 hominem,
622 1999 769 2079 nomine,
790 2014 824 2064 ut
843 2015 969 2078 notum,
991 2018 1071 2077 suo;

259 2134 383 2205 Invadit
400 2137 575 2218 incautum,
595 2155 751 2226 necatque
768 2134 942 2202 mordicus.

650 2400 880 2467 Leucnocum.

258 2618 313 2686 Est
331 2620 525 2688 Leucrocuta
542 2643 618 2688 cum
638 2640 765 2691 crocutr
783 2618 870 2689 idem
887 2619 960 2689 fetae

258 2756 382 2840 Genus,
403 2759 528 2825 asinum
544 2757 699 2849 refertque
718 2758 938 2849 magnitudine
960 2784 967 2825 :

258 2893 389 2962 Collum
406 2894 520 2979 leonis,
541 2915 650 2985 pectus
668 2916 700 2965 et
719 2896 875 2980 caudam3
897 2915 991 2985 caput

255 3034 376 3102 Autem
393 3034 516 3118 cameli,
536 3037 664 3125 orisque
683 3055 862 3124 aperturam
880 3038 952 3104 tetri

257 3173 361 3240 Aures
379 3170 520 3261 adusque
526 3198 536 3256 3
559 3172 704 3242 dentium
723 3196 798 3241 vero
817 3175 886 3241 vice

257 3307 308 3375 Os
328 3329 473 3396 asperum
492 3327 522 3378 et
539 3327 728 3398 perpetuum
746 3306 862 3378 habere
881 3308 1006 3378 dicitur.

255 3443 359 3526 Voce,
380 3463 415 3512 ut
434 3464 571 3529 crocum,
592 3445 671 3516 fallit
689 3446 867 3530 hominem,
889 3467 920 3516 et
940 3446 1082 3519 devorat.

713 3689 818 3760 Tuos.

256 3873 350 3945 Thos
369 3875 500 3947 efferum
519 3900 565 3950 est
581 3881 647 3970 lupi
665 3905 779 3971 genus,
800 3904 911 3955 natum
931 3910 969 3955 ex
986 3887 1065 3975 lupo

256 4012 297 4081 Et
314 4012 445 4101 pardali‚
465 4037 558 4103 supra
575 4013 720 4100 modum,
742 4020 838 4088 curtis
855 4019 929 4090 licet

257 4143 307 4211 Sit
325 4141 478 4227 cruribus,
498 4144 591 4213 velox
612 4170 619 4214 :
641 4145 750 4215 leones
767 4167 798 4217 et
817 4173 910 4217 canes
