3038 5204
706 455 881 546 ..58-

654 660 934 749 Cmcoqmnncus.

461 832 573 903 Simiae
587 831 690 903 clunae
708 830 833 917 similis,
851 830 908 925 sed¹
925 830 970 903 illi

462 971 572 1040 Hostis
590 988 639 1040 est
656 991 738 1054 acer,
759 968 945 1054 vehemens,
965 967 1116 1040 dolosus:

463 1106 532 1188 Qui
552 1106 602 1177 sui
621 1105 721 1178 cauda
738 1108 818 1198 tegit
835 1108 887 1178 ani
909 1107 1033 1178 hiatum

856 1243 1118 1335 cercopithecus.

722 1409 863 1481 Vurnns.

459 1580 573 1653 Putida
591 1603 639 1654 est
656 1583 780 1674 vulpes,
801 1583 887 1657 olida
906 1607 962 1656 ore
980 1602 1013 1655 et
1034 1607 1099 1656 ano
1118 1606 1127 1656 ε

414 1742 417 1748 ·
457 1717 606 1809 Improba
623 1704 656 1790 et
672 1719 776 1804 fallax,
797 1720 893 1807 vafra,
913 1720 1007 1812 plena
1024 1721 1150 1794 technis
1170 1741 1181 1794 r

460 1855 573 1928 Bestiis
591 1854 702 1942 brutis,
722 1857 848 1929 homini
866 1883 995 1951 quoque
1015 1860 1077 1951 ipsi

855 1994 1036 2067 Insidiatur.

459 2133 537 2204 Non
556 2155 670 2204 canem
689 2134 834 2225 quamvis
851 2133 993 2206 validum
1010 2154 1043 2206 et
1059 2154 1242 2227 potqntem,

459 2272 537 2343 Non
555 2271 659 2342 ferum
678 2273 792 2362 quovis
810 2295 888 2342 cane
905 2271 1085 2359 fortiorem,

463 2412 541 2483 Non
559 2434 652 2482 avem
669 2410 781 2484 crebro
800 2410 936 2483 celerem
954 2412 1063 2484 volatu

856 2551 976 2621 Horret
992 2549 1090 2620 adire.

458 2688 583 2760 Callida
600 2689 737 2775 infestat,
759 2691 851 2779 rapit,
873 2687 1057 2780 involatque

460 2828 629 2912 Anserem,
650 2849 818 2917 pavonem,
840 2848 980 2913 anatem,
1002 2826 1201 2915 columbam,

457 2965 623 3036 Feminam
640 2965 727 3056 galli,
748 2965 901 3056 leporem,
923 2985 1017 3058 atque
1034 2967 1158 3036 inerme

854 3107 927 3176 Hoc
945 3128 1047 3196 genus
1067 3129 1179 3177 omne.

459 3242 573 3332 Captat
591 3262 623 3312 et
641 3243 762 3332 piscem
780 3243 904 3314 latitans
923 3242 1083 3329 silentem,

458 3379 496 3451 Et
514 3379 662 3472 frequens
681 3383 785 3450 amnis
804 3404 904 3472 prope
922 3384 1024 3472 ripam
1040 3379 1178 3467 oberrat,

459 3516 503 3588 Ut
522 3515 625 3588 trahat
642 3516 754 3603 cauda,
774 3518 861 3589 velut
878 3518 986 3602 hamo,
1008 3539 1162 3609 aquosam

850 3655 983 3727 Fervida
1002 3653 1154 3746 praedam.

456 3801 490 3870 Si
509 3821 626 3869 canum
644 3795 751 3867 forsan
770 3797 872 3865 nirnio
890 3812 1038 3885 urgeatur

454 3942 592 4030 Impetu‚
613 3933 712 4006 cauda
730 3935 832 4027 quatit
850 3933 1076 4023 insequentum

454 4079 536 4163 Ora,
558 4097 589 4147 et
610 4078 746 4166 aspergit
763 4074 844 4145 lotio
866 4093 874 4141 :
896 4069 971 4141 inde
991 4093 1122 4141 cursum

855 4211 972 4281 Sistere
995 4210 1094 4300 cogit.
