3038 5204
688 517 841 581 Ἵ-

257 701 416 786 Proditor,
437 704 631 781 inconstans,
652 696 781 781 infidus,
802 696 943 786 perfuga,
962 693 1051 763 furax
1075 720 1082 761 :

345 841 504 927 Perjurus,
526 836 661 904 mendax
684 859 691 901 :
712 833 900 916 desidiosus,
920 834 1004 900 iners
1027 857 1034 898 :

257 980 374 1061 Lurco,
395 977 574 1066 popinator,
595 975 679 1042 lauta
697 993 728 1043 et
746 975 883 1062 pretiosa
899 972 1007 1062 ligurit
1028 997 1035 1040 :

346 1115 498 1184 Sacchara
516 1113 620 1183 dulcia
638 1113 714 1198 edit,
735 1110 844 1180 mollia
861 1113 933 1180 vina
952 1108 1040 1178 bibit.

258 1255 374 1343 Stupro
394 1271 425 1320 et
444 1249 618 1335 adulteri03
639 1251 699 1318 nisi
717 1249 786 1339 lege
806 1250 979 1332 coercitus3
999 1272 1082 1338 aegre

346 1390 522 1485 Abstinet‘:
545 1387 678 1458 occultis
696 1406 852 1477 perpetrat
871 1388 929 1454 ista
948 1384 1040 1455 dolis.

257 1530 347 1597 Irrita
364 1551 498 1596 vesanus
517 1527 668 1615 praesagia
687 1543 794 1594 mente
811 1522 932 1593 volutat
953 1544 960 1589 ;

346 1663 502 1734 Fatidicus
521 1664 608 1732 vanis
627 1663 737 1730 nititur
754 1662 903 1750 auguriis.

259 1858 340 1926 Hoc
358 1854 507 1946 equidem
527 1858 561 1923 in
579 1857 690 1945 primis
708 1858 827 1924 mirum
847 1854 1041 1946 dignumque
1061 1856 1159 1926 relatu
1182 1883 1189 1925 :

349 1996 426 2064 Non
444 1995 502 2064 fert
520 1993 737 2084 quadrupedes
756 1994 889 2082 Anglica
906 2013 988 2062 terra
1006 1993 1109 2083 lupos.

261 2137 320 2203 Ast
337 2156 413 2202 vero
433 2132 533 2201 hocce
552 2131 640 2221 bipes
658 2131 782 2201 homini
801 2130 894 2220 lupus
912 2150 959 2200 est
977 2130 1075 2199 homo
1093 2149 1192 2200 tractu
1220 2154 1226 2197 :
1297 2178 1302 2183 -

349 2271 388 2340 Et
406 2269 500 2360 piena
519 2288 566 2338 est
585 2267 684 2338 avidis
703 2267 818 2357 Anglia
836 2287 902 2337 tota
919 2267 1013 2357 iupis.

475 2542 604 2623 Diuus,
624 2542 816 2624 Nouvnous,
838 2541 976 2625 Suncus,
996 2547 1057 2612 &c.

685 2758 850 2812 Liuortott.

262 2954 416 3036 Dauus,
436 2956 615 3044 Norvegus,
637 2953 768 3037 Suetus,
788 2954 903 3025 Scandi
922 2958 1016 3027 simul
1035 2982 1171 3043 omnes;

350 3093 455 3180 Atque
475 3089 539 3174 alii,
560 3093 647 3182 regio
666 3115 747 3182 quos
765 3094 904 3163 Borealis
922 3095 1016 3165 habet
1026 3123 1036 3180 ;

264 3229 444 3314 Humanus,
466 3232 563 3313 mitis
584 3250 669 3300 totus
688 3250 769 3300 teres
787 3253 880 3324 atque
898 3235 1064 3319 rotundus,

350 3367 434 3435 Pelle
454 3387 532 3450 atr0,
553 3387 584 3435 et
602 3370 695 3437 tacita
711 3368 820 3438 fraude
839 3393 947 3438 carens
966 3373 1115 3466 popuJuS,

265 3506 396 3573 Exercet
414 3503 492 3572 duro
512 3504 682 3574 fortissima
699 3507 842 3576 membra
861 3508 966 3578 labore
987 3536 995 3578 t

351 3641 491 3710 Vomere
510 3641 608 3711 sulcat
627 3667 729 3734 agros,
749 3670 877 3736 aequora
895 3672 974 3718 nave
993 3672 1088 3720 secat.

265 3781 403 3869 Auceps,
423 3781 572 3868 piscator,
592 3802 724 3852 venator
741 3761 879 3869 sedulus,
901 3807 966 3856 arte

353 3917 466 4006 Captat
485 3940 569 4001 aves,
589 3920 701 4008 pisces,
722 3926 982 4016 persequiturque
1000 3929 1091 3997 feras.

263 4056 341 4124 Non
360 4076 444 4121 saevo
463 4052 616 4122 infestum
637 4055 719 4125 bello
738 4059 871 4129 offendit
889 4064 975 4151 prior
994 4063 1117 4134 hostem
1140 4089 1149 4134 t

352 4192 396 4259 Ut
415 4193 481 4260 vim
499 4191 665 4282 propellat,
686 4194 807 4267 militiae
828 4220 912 4268 arma
930 4201 1022 4289 capit.
