3038 5204
699 564 742 578 -
765 546 781 616 3
787 551 808 616 4
830 565 875 581 .-

491 754 721 823 anocnvus
743 757 811 826 sive
833 755 1089 844 Tuucutnpuus.

279 973 505 1064 compositum
522 997 561 1043 ex
578 973 667 1045 hirco
686 996 718 1045 et
736 1000 843 1062 cervo,
863 1001 882 1046 a
898 978 996 1047 Latiis
1014 974 1111 1046 habet
1137 975 1254 1046 hirco-

278 1132 400 1214 cervus,
422 1108 608 1180 translatum
625 1110 740 1181 Graeco
759 1111 799 1182 de
816 1115 948 1183 nomine
966 1136 1101 1182 nomen.

276 1247 407 1338 Longos
424 1267 550 1339 gutture
567 1251 656 1319 enim
674 1269 767 1341 atque
785 1253 880 1320 armis
897 1251 989 1322 villos
1008 1250 1116 1335 babet,
1135 1251 1222 1322 hirci

275 1389 376 1458 Instat
396 1412 403 1457 :
424 1386 480 1457 sed
498 1391 593 1458 crassi
612 1392 718 1478 specie
736 1409 811 1460 sunt
830 1411 943 1460 caetera
961 1392 1058 1459 cervi.

392 1641 568 1725 huenen,
588 1643 735 1713 Raruous
755 1645 822 1713 sive
842 1643 973 1712 Curvus
991 1642 1188 1711 Scurfflcus.

274 1857 436 1949 Rangifer,
457 1878 510 1928 aut
528 1856 707 1948 Scythicus,
728 1875 807 1927 noto
825 1857 1032 1947 cognomine,
1055 1877 1183 1938 cervus,

274 1997 463 2086 Lapponum
480 1999 569 2087 genti
587 1999 675 2066 vario
693 1992 940 2085 percommodus
957 2018 1029 2077 usu,
1090 2005 1096 2017 '

272 2136 327 2204 Est
345 2137 434 2204 asino
452 2133 566 2203 similis
587 2159 594 2202 ε
617 2136 702 2203 cervi
722 2136 821 2203 instar
837 2156 957 2203 cornua
974 2150 1076 2222 gestat
1096 2155 1105 2198 ι

272 2273 381 2341 Vincit
400 2286 525 2361 equum'
538 2293 630 2338 cursu
652 2295 660 2338 :
681 2269 756 2339 forti
773 2269 833 2339 fert
852 2269 994 2358 pondera
1012 2267 1121 2352 dorso,

271 2410 309 2479 Et
327 2432 420 2479 curru
438 2408 608 2498 trabeaque
625 2405 713 2476 vehit
734 2432 741 2476 :
762 2407 942 2499 glaciesque
959 2409 1113 2498 nivesque

270 2550 396 2617 Acriter
414 2546 576 2617 adstrictas
597 2545 730 2615 brumali
748 2565 895 2636 tempore
913 2547 1024 2617 calcat.

270 2687 375 2757 Ubere
394 2686 514 2777 repleto
533 2707 717 2778 turgescens
735 2687 883 2769 foemina,
897 2685 987 2756 lactis

269 2826 414 2897 Ubertim
433 2824 533 2895 dulcis
551 2825 707 2914 mulgenti
726 2824 875 2894 alimenta
893 2826 1066 2894 ministrat.

578 3063 667 3130 Arcu
686 3039 755 3130 sive'
771 3063 991 3138 Eoncnvus.

236 3266 238 3271 ’
269 3253 347 3322 Alce
368 3252 495 3334 animal,
516 3251 625 3320 multis
644 3253 830 3341 equicervus
849 3248 975 3335 dicitur,
996 3271 1031 3321 ut
1049 3250 1137 3342 quod

268 3393 355 3459 inter
373 3413 492 3480 equum
510 3411 703 3478 cervumque
721 3412 823 3477 genus
842 3387 986 3458 medium
1006 3414 1074 3459 esse
1093 3409 1234 3480 putetur.

269 3530 323 3598 Est
342 3550 435 3597 cursu
454 3526 558 3609 velox,
579 3524 804 3616 timidumque,
826 3551 932 3616 sagari,
953 3548 985 3597 et
1010 3526 1159 3598 odorum.

269 3667 369 3735 Crura
385 3666 453 3734 sine
472 3664 609 3733 articulis
628 3664 789 3754 praelonga
808 3663 903 3737 babet
925 3692 932 3734 :
957 3643 1007 3735 bis
1024 3669 1083 3735 iter
1102 3668 1216 3757 ingens

269 3803 409 3873 Conficit
426 3802 615 3872 accelerans.
637 3801 670 3868 Si
690 3803 831 3890 caespitet
849 3821 880 3870 er
899 3800 1001 3887 cadat,
1022 3826 1106 3893 aegre

268 3943 406 4032 Erigitur
423 3962 541 4030 perse,
563 3963 638 4007 cum
653 3939 739 4008 flecti
759 3963 849 4008 crura
868 3960 1015 4010 recusent
1037 3966 1044 4008 ε

268 4076 353 4145 Hinc
371 4076 408 4146 fit
427 4095 462 4146 ut
481 4074 646 4146 arboribus
663 4099 732 4144 sese
750 4075 897 4165 applicet,
917 4094 1011 4166 atque
1031 4078 1074 4146 ita
1093 4099 1247 4145 somnum

268 4212 403 4281 Paulum
422 4213 605 4284 inclinando
625 4215 726 4303 capiar
747 4238 755 4280 :
776 4214 803 4280 si
822 4210 969 4282 concidat
987 4211 1092 4296 arbor,
