3038 5204
691 495 865 558 ..16-

412 681 416 693 1
494 707 538 776 Ut
554 706 691 776 candido
711 707 798 797 quod
814 706 925 792 rideat,

493 846 540 914 Sit
559 844 657 916 livido
675 846 762 936 quod
783 845 937 915 frendeat.

294 1388 458 1457 LUSUS
491 1390 547 1457 IN
579 1387 706 1456 TRES
740 1385 941 1454 OPERAS
973 1384 1268 1455 LIBRARIAS.

566 1620 773 1674 TYPOGRAPHUS
791 1635 995 1674 MERCENARIUS.

272 1797 348 1863 Arte
366 1817 438 1861 mea
457 1795 556 1862 varias
575 1793 696 1861 excudo
715 1794 931 1884 typographus
950 1815 1030 1863 artes
1052 1821 1059 1863 :

359 1932 419 1997 Ars
437 1951 544 1999 tamen
564 1931 631 1999 haec
650 1951 761 2000 tenues
781 1933 891 2001 artifici
911 1933 967 2002 dat
982 1958 1071 2023 opes.

272 2068 344 2136 Rite
363 2067 555 2136 characteres
575 2070 664 2156 justis
684 2070 893 2139 accommodo
912 2073 1046 2154 normis,

361 2206 496 2275 Constet
514 2226 549 2274 ut
568 2230 605 2273 ex
623 2210 722 2297 aequis
741 2212 853 2298 pagina
871 2210 1045 2279 versiculis

272 2346 388 2412 Incisus
407 2347 496 2434 nigra
513 2345 645 2434 fuligine
663 2349 752 2435 tingo
771 2346 886 2436 figuras
909 2372 916 2413 :

359 2465 484 2551 Callosa
497 2482 634 2571 praelum
654 2484 937 2574 volv0,.trahoque
956 2509 1065 2554 manu.

271 2623 350 2691 Ecce
369 2625 484 2691 iterum
504 2621 668 2690 hesternus
686 2624 766 2691 mihi
785 2623 872 2693 adest
889 2623 978 2694 labor
996 2646 1082 2713 actus
1100 2628 1135 2693 in
1154 2625 1290 2698 orbern:

361 2761 451 2838 Quas
470 2732 567 2828 struxi
586 2760 717 2843 formas,
739 2759 890 2844 destruo;
912 2782 943 2830 et
960 2761 1034 2830 inde
1054 2784 1163 2832 struo:

272 2897 373 2964 Diruo
392 2915 425 2965 et
442 2895 584 2981 aedifico;
606 2897 748 2986 vigilatas
767 2901 907 2988 transigo
927 2918 1037 2967 noctes
1059 2925 1066 2968 :

359 3034 537 3104 Sollicitum
556 3038 672 3104 cruciat
692 3060 777 3122 cura,
798 3040 976 3127 premitque
994 3037 1094 3108 labor.

269 3177 391 3244 Verum
410 3175 486 3266 quid
505 3196 638 3265 prosunt
657 3200 751 3259 curae,
773 3173 905 3266 durique
925 3175 1059 3260 labores,

357 3317 471 3396 Quum
489 3319 606 3385 misero
625 3336 728 3405 pateat
747 3319 859 3385 semita
877 3317 964 3385 nulla
981 3316 1060 3385 lucri
1081 3319 1094 3384 ?

269 3455 387 3524 Noster
405 3455 459 3524 alit
476 3454 573 3523 sudor
591 3474 738 3522 numatos
757 3474 788 3522 et
807 3454 992 3544 locupletes,

357 3594 424 3671 Qui
444 3611 565 3660 nostras
584 3589 757 3673 redimunt,
779 3594 896 3681 quique
916 3592 1022 3662 locant
1041 3617 1163 3683 operas

269 3728 386 3796 Noster
405 3726 460 3795 alit
476 3724 573 3793 sudor
591 3745 635 3808 te,
658 3723 841 3814 bibliopola,
863 3728 972 3817 tuique

357 3862 574 3944 Consimiles;
595 3862 709 3952 quibus
728 3883 775 3932 est
793 3863 855 3952 vile
874 3863 991 3932 laboris
1010 3889 1103 3954 opus.

267 4051 333 4118 Lex
350 4051 419 4120 haec
437 4054 598 4134 Fortunae,
617 4052 706 4137 Jovis
726 4051 795 4118 haec
814 4052 944 4141 Fatique
964 4031 1131 4136 voluntas,

354 4190 423 4266 Qui
440 4188 540 4257 semel
560 4207 607 4256 est
625 4211 755 4276 pauper,
777 4209 896 4275 pauper
915 4206 949 4254 ut
967 4189 994 4253 is
1014 4207 1152 4257 maneat.
