3038 5204
703 543 747 556 ..
772 526 810 595 33
836 545 881 556 ...

716 731 857 802 Curvus,

278 953 333 1022 Est
355 975 464 1022 cervus
481 952 628 1042 simplex,
652 974 762 1041 expers
780 951 961 1044 fraudisque
985 952 1115 1046 dolique
1146 982 1154 1024 ε

276 1079 430 1164 Imbellis,
454 1079 608 1170 placidus,
633 1078 763 1149 timidus
786 1133 796 1163 ,
819 1078 924 1149 levis:
948 1081 1073 1152 attoniti
1093 1084 1193 1153 instar

277 1210 369 1300 Saepe
387 1229 517 1301 stupens
535 1229 642 1294 restat,
662 1234 759 1301 reque
779 1209 892 1280 obtutu
912 1211 1011 1283 haeret
1027 1217 1064 1283 in
1082 1238 1158 1286 una.
1223 1214 1227 1220 ’

164 1417 167 1422 ,
277 1338 438 1409 Carnosus
455 1339 559 1410 facie:
581 1342 682 1409 simus
700 1327 778 1410 naso
801 1363 808 1409 :
830 1341 969 1427 auribus,
992 1367 1062 1412 acer

215 1551 218 1558 .
275 1470 409 1557 Auditu‚
431 1476 577 1557 arrectis3
599 1472 756 1557 demissis,
779 1472 899 1543 tardius
918 1472 1016 1543 audit.

274 1598 367 1683 Visu,
388 1601 489 1670 oculis
508 1625 655 1692 magnus,
674 1600 770 1692 longe
787 1621 968 1692 prospectat
985 1622 1090 1672 acuto.

242 1757 245 1762 ·
275 1727 436 1797 Comibus
454 1728 596 1799 excelsus
614 1732 748 1798 ramosis
770 1756 777 1798 :
799 1755 871 1821 quae
890 1733 964 1821 quia
986 1732 1076 1800 molli

274 1859 300 1928 E
319 1879 391 1928 cute
408 1878 592 1943 nascuntur,
612 1884 718 1951 neque
737 1859 822 1930 duris
841 1861 965 1931 ossibus
987 1863 1119 1948 haerent,

274 1989 418 2060 Decidua
435 1992 551 2060 amittit
569 1990 710 2080 jucundo
728 2016 802 2061 vere
822 1995 1005 2084 quotannis.

271 2120 310 2189 In
328 2121 491 2190 Venerem
509 2121 636 2190 effrenis
654 2120 838 2192 vehementi
856 2124 946 2192 saevit
965 2125 1081 2192 amoris

272 2250 326 2333 Vi,
347 2272 460 2320 mense
477 2233 625 2341 Augusto
646 2277 654 2319 ε
678 2274 736 2340 pro
757 2275 847 2320 cerva
866 2271 998 2343 pugnat,
1019 2272 1051 2322 et
1069 2251 1207 2336 hostem,

269 2379 346 2449 Non
365 2381 435 2449 sine
452 2378 649 2463 vulneribus,
669 2379 801 2449 rivalem
819 2383 946 2451 vincere
969 2401 1080 2452 tentat.

268 2509 413 2581 Caudam
431 2509 526 2580 habet
544 2514 692 2602 exiguam
713 2538 721 2580 ε
743 2531 853 2582 tenera
870 2533 963 2614 atque
983 2514 1075 2583 exilia
1094 2536 1195 2596 crura,

267 2640 319 2710 Ad
338 2641 487 2726 celerem,
509 2645 635 2733 quoties
654 2666 735 2732 opus
755 2662 814 2727 est,
836 2645 997 2733 aptissima
1019 2668 1148 2713 cursum
1169 2669 1177 2713 ι

266 2771 326 2839 His
343 2768 445 2839 fidens
462 2770 544 2861 fugit
562 2794 617 2840 ora
635 2795 751 2840 canum
773 2797 780 2840 :
802 2771 934 2842 lassatus
954 2796 1107 2864 aquarum

265 2896 316 2968 Ad
334 2897 438 2969 fontes
456 2918 604 2989 properat
621 2897 745 2990 gelidos
767 2925 774 2968 :
797 2924 875 2990 vaga
893 2901 1028 2970 flumina
1048 2921 1150 2972 tranat
1171 2927 1178 2970 ε

264 3027 370 3118 Atque
388 3029 468 3097 citus
487 3051 603 3111 casses,
622 3026 765 3118 laqueos,
786 3028 940 3098 venabula
961 3031 1039 3100 vitat
1059 3055 1066 3098 ε

264 3156 422 3236 Quamvis
441 3181 510 3226 sese
528 3156 654 3226 homini
671 3181 755 3247 saepe
774 3157 891 3248 absque
911 3178 998 3227 metu
1017 3158 1129 3230 offerat
1151 3159 1245 3242 ultro,

261 3287 456 3378 Oblitusque
474 3289 536 3370 sui,
557 3284 658 3356 dulcis
678 3285 896 3355 modulamine
914 3307 1037 3371 cantus,

261 3414 323 3485 Vel
340 3412 467 3504 stupido
487 3415 605 3483 mirans
625 3437 825 3505 quaecunque
844 3412 904 3481 sibi
923 3413 1016 3483 obvia
1033 3439 1142 3499 sensu,

260 3542 383 3615 Incidat
399 3547 434 3614 in
451 3544 578 3615 foveam
596 3564 771 3614 venantum
790 3541 941 3634 indagine
961 3544 1056 3613 falsus
1078 3570 1085 3613 :

259 3676 325 3744 Aut
340 3677 440 3744 vitam
458 3677 581 3745 amittat
598 3675 708 3765 jaculis
726 3675 871 3744 confixus
890 3677 1001 3744 acutis

259 3806 433 3875 Puniceam
452 3804 629 3895 adspiciens
648 3829 789 3895 pennam
806 3787 954 3874 formidat
976 3831 983 3874 :
1006 3826 1038 3874 et
1060 3828 1141 3894 aegre

258 3938 435 4007 Gannitum
454 3956 565 4007 astutae
581 3937 697 4026 vulpis,
718 3940 914 4027 perterritus,
935 3937 1034 4006 audit.

180 4144 183 4149 .
258 4065 455 4136 Horrificum
472 4067 589 4141 infesto
609 4087 791 4157 serpentem
809 4065 939 4137 devorat
960 4091 1026 4149 ore,

256 4194 334 4265 Inde
351 4196 388 4266 fit
405 4215 441 4264 ut
459 4195 556 4285 vulgo
575 4196 753 4286 longaevior
769 4221 838 4264 esse
859 4215 1000 4285 putetur.

1215 4331 1230 4396 3
