3038 5204
373 1021 492 1092 Matres
510 1018 611 1103 ferox,
635 1016 757 1102 dolosa,
778 1039 905 1107 pugnax
923 1013 1033 1098 bestia,

462 1154 610 1226 Silvestre
629 1152 773 1224 mustelae
792 1176 904 1243 genus,

369 1293 487 1365 Infesta
504 1293 642 1384 gallinis,
664 1315 717 1361 eas
736 1291 803 1361 dire
821 1311 924 1375 necat,

457 1431 588 1521 Exsugit
608 1429 684 1501 inde
707 1431 897 1520 sanguinem
918 1455 925 1496 :

367 1541 521 1639 Exsorbet
539 1553 629 1640 ova:
654 1592 792 1660 moxque
811 1591 960 1638 saxorum
979 1584 1064 1637 satur
1154 1636 1162 1651 ‚

441 1708 525 1777 utut
544 1705 694 1776 arborum
713 1708 807 1776 rimas
826 1707 907 1796 petit
928 1729 935 1773 :

369 1847 406 1915 In
425 1842 475 1914 his
493 1843 579 1930 latet,
599 1845 775 1928 venaticos,
793 1868 874 1935 quos
893 1841 1042 1913 omnibus

458 1987 552 2076 Fugit
569 1984 687 2071 modis,
706 1982 825 2055 timens
845 2008 951 2054 canes.

368 2125 512 2195 Venator
529 2124 588 2194 hac
607 2144 696 2215 capra
714 2123 845 2215 quidem
867 2121 983 2215 praeda,
1007 2122 1131 2192 lucrum

459 2263 499 2333 Et
515 2261 650 2353 gloriam
669 2263 874 2333 nanciscitur.

368 2402 452 2473 Natn
471 2399 615 2470 nobilem
633 2423 801 2491 caramque
818 2400 937 2492 pellem
956 2398 1080 2472 nobiles

458 2538 584 2610 Summi
603 2557 753 2631 expetunt
773 2556 804 2609 er
821 2539 993 2632 principes.

398 2861 554 2945 Snuamn,
575 2863 641 2930 sive
659 2861 823 2931 Sennium
847 2864 1018 2932 Musnnm.

364 3151 488 3224 Sabella
507 3163 641 3224 m‘artem
659 3176 793 3243 corpore
812 3172 906 3244 atque
924 3150 1067 3222 moribus

455 3291 563 3362 Refert
583 3316 591 3360 ε
613 3311 720 3362 tamen
739 3311 838 3362 marte
857 3311 904 3362 est
928 3292 1045 3374 minor,

363 3427 512 3521 Interque
530 3429 681 3501 mustelas
700 3429 831 3522 quidem
849 3430 992 3537 palmam
1007 3449 1095 3501 tenet
1115 3456 1122 3500 :

453 3566 567 3661 Quum
586 3570 708 3639 caeteris
726 3571 767 3639 sir
785 3568 959 3657 pulchrior.

367 3705 441 3795 Ejus
459 3705 528 3796 pili,
550 3729 743 3797 quocunque
762 3730 834 3798 agas
853 3707 999 3777 mulcens
1018 3730 1130 3797 manu,
1212 3762 1215 3769 .

454 3845 667 3935 Nequaquam
685 3847 718 3913 in
739 3843 906 3915 adversum
927 3847 1030 3937 rigent
1051 3866 1057 3912 :

367 3980 570 4070 AEquabilem
589 3981 645 4052 sed
664 3981 812 4053 obtinent
830 4007 957 4074 semper
974 3987 1071 4055 situm
1094 4009 1101 4056 ε

454 4117 619 4189 Habentur
637 4141 668 4190 et
687 4123 867 4194 carissimae.
969 4147 971 4152 ·
