3038 5204
601 486 770 552 ..ψ

178 662 379 733 Perstudiosa
396 665 524 749 cohors,
545 671 626 737 votis
645 672 812 754 contraria,
833 674 938 760 coepit
958 675 965 741 !

178 801 263 880 Quae
283 824 349 871 non
369 826 456 871 arma
475 803 561 873 malo
580 825 654 875 sunt
673 805 870 895 suppeditata
887 808 1019 900 furori?

179 942 240 1008 Hic
258 961 379 1011 veteres
397 960 514 1033 magno
533 942 652 1033 lapides
671 947 840 1014 conamine
859 947 988 1036 profert,

178 1079 373 1148 Marmoreas
392 1080 507 1164 moles,
529 1083 651 1171 cippos,
671 1081 822 1172 pylasque
839 1083 972 1169 volutat,

176 1216 282 1287 Audet
301 1237 333 1289 et
350 1219 526 1317 intrepidus
546 1242 647 1292 vastas
665 1241 787 1291 motare
805 1222 969 1292 columnas
991 1249 997 1290 :

175 1357 274 1424 Exesa
294 1376 340 1426 ast
359 1356 404 1424 illi
424 1378 472 1427 est
490 1357 634 1448 rubigine
653 1359 772 1428 lamina
789 1379 904 1449 praesto
927 1385 934 1430 :

174 1496 302 1584 Bractea
321 1494 428 1564 scabra
446 1495 526 1580 aliis,
547 1499 701 1588 numique
721 1522 759 1567 ex
778 1523 839 1567 aere
858 1503 985 1583 vetusti,
1004 1589 1008 1598 ¹
1057 1594 1064 1608 1

173 1630 370 1701 Membranae
390 1651 509 1721 putres,
530 1631 661 1702 maculis
681 1632 799 1704 foedata
817 1659 965 1726 papyrus,

173 1772 212 1840 Et
229 1768 312 1853 libri,
334 1792 471 1860 quorum
489 1770 646 1860 fugientes
665 1772 789 1855 litterae,
811 1793 842 1841 et
863 1776 953 1841 annis

173 1909 311 1992 Extritae,
332 1907 551 1999 ambiguaeque
569 1928 667 1992 notae,
688 1928 859 1998 turpesque
879 1910 1011 1994 lacunis,

171 2045 318 2118 Absurdo
337 2071 444 2132 sensu,
466 2047 582 2132 dubiis,
603 2046 793 2138 mendisque
811 2047 1002 2118 redundant.

257 2188 431 2276 Postquam
451 2185 529 2255 adeo
554 2189 645 2256 saevis
672 2206 822 2276 coeptum
842 2208 889 2257 est
908 2191 1053 2258 certariet
1071 2191 1165 2259 armis
1176 2216 1185 2272 3

168 2324 304 2395 Cordate
323 2349 340 2393 a
359 2324 460 2394 doctis
479 2350 555 2394 mox
572 2324 776 2396 interceditur
797 2351 804 2393 ε
826 2323 911 2394 unde
1003 2299 1005 2302 Ι

168 2463 274 2532 Gratia
292 2461 426 2531 Tortelli
445 2466 560 2532 merito
576 2461 634 2533 tibi
653 2485 780 2552 magna,
801 2459 916 2529 deinde

146 2611 150 2614 ⁴
167 2603 205 2670 Et
223 2603 444 2691 Despauteri0,
465 2602 578 2685 Vallae,
600 2600 765 2683 Villichio,
786 2619 817 2668 et
835 2598 932 2683 Aldu,

165 2741 295 2825 Nemi0,
316 2760 347 2810 et
365 2760 429 2809 arte
448 2739 552 2824 bonis,
575 2723 733 2830 quotquot
751 2760 837 2823 sunt,
856 2763 981 2829 semper
999 2761 1118 2829 agetur.

251 2881 336 2949 Hinc
357 2879 506 2970 equidem
525 2899 642 2948 certam
662 2882 747 2968 coepi
766 2902 891 2968 sperare
915 2881 1056 2968 quietem
1078 2906 1084 2947 :

163 3023 285 3089 Verum
304 3043 375 3109 spes
394 3020 463 3090 haec
481 3044 545 3104 me,
566 3022 715 3109 pacisque
734 3018 843 3087 fefellit
861 3038 1014 3087 amantes.

162 3159 310 3248 Namque
330 3160 443 3227 animis
463 3157 554 3226 haesit
573 3157 748 3227 multorum
767 3179 860 3244 prava
877 3155 1031 3240 simultas,

163 3297 231 3376 Qui
251 3319 334 3365 nova
351 3293 514 3384 praefracte
533 3291 718 3362 meditando
737 3293 856 3382 praelia,
876 3316 1000 3362 rursum

160 3438 271 3505 Diram
291 3434 408 3503 funesti
427 3432 569 3522 praebent
590 3436 770 3502 certaminis
790 3457 911 3500 ansam.

248 3573 320 3642 Tali
339 3592 445 3643 autem
464 3592 607 3661 satagens
625 3593 747 3642 mature
766 3597 931 3642 occurrere
950 3573 1081 3654 damno,

159 3712 404 3804 Orthographos
424 3736 537 3781 omnes
557 3711 698 3781 obtestor
718 3731 748 3781 et
767 3710 912 3795 obsecro,
934 3735 1045 3801 pacem

83 3842 87 3850 ⁴
157 3851 343 3921 Anteferant
361 3849 457 3934 bello,
478 3874 538 3919 nec
557 3848 766 3919 seditionibus
785 3852 904 3919 instent
926 3874 932 3915 :

157 3991 195 4057 Et
213 3987 446 4078 parvifaciunt,
468 3990 594 4056 insueto
614 3987 716 4057 littera
733 4012 823 4057 more

156 4130 190 4196 Si
210 4127 337 4197 tollatur
357 4127 395 4197 ab
414 4127 476 4211 his,
498 4148 550 4198 aut
569 4128 731 4217 adjiciatur
751 4127 788 4195 ab
808 4126 880 4210 illis,
