3038 5204
682 441 859 582 ..¹39-

267 705 387 774 Moesta
405 704 510 772 virum
527 701 641 771 mulier
659 701 852 770 morientem
869 699 1004 768 nomine
1027 697 1142 769 clamat
1162 717 1170 765 τ

267 842 561 930 Semianimemque
579 841 655 910 sinu.
671 858 764 910 curat
781 836 949 928 complexa
968 835 1106 935 fouere:

266 977 322 1050 llle
341 1001 451 1069 graves
468 976 580 1048 oculos
598 977 729 1068 cupiens
751 976 906 1062 attollere,
925 975 1069 1067 languet,

266 1116 395 1201 Deficit,
416 1117 609 1206 extinctique
627 1117 662 1184 in
679 1107 793 1184 ventos
810 1115 876 1184 vita
893 1111 1023 1184 recedit.

353 1254 443 1325 Tum
461 1253 578 1325 domus
595 1251 726 1322 infando
744 1252 844 1338 luctu,
863 1252 1045 1342 miseroque
1063 1250 1201 1323 tumultu

264 1397 428 1480 Miscetur,
447 1379 639 1484 penitusque
658 1414 743 1462 cavae
761 1389 966 1482 plangoribus
983 1388 1068 1460 aedes

263 1533 426 1604 Femineis
444 1531 568 1601 ululant
589 1551 596 1600 :
617 1530 689 1627 sepit
707 1552 800 1599 aurea
819 1527 921 1598 sidera
939 1526 1058 1597 clamor
1077 1547 1090 1595 z.

264 1669 390 1740 Omnes
407 1669 573 1759 ingentem
589 1667 746 1758 gemitum
764 1666 841 1738 dant
858 1683 992 1766 pectore
1005 1662 1044 1734 ab
1061 1666 1141 1766 imo.

262 1808 457 1879 Moestorum
475 1824 603 1898 torpent
620 1805 760 1877 infractae
778 1805 818 1877 ad
835 1805 943 1897 praelia
961 1807 1043 1875 vires
1063 1825 1072 1871 :
1123 1837 1125 1841 ·

217 1982 219 1987 v
264 1945 508 2035 Confestimque
525 1942 643 2014 cadunt
661 1944 759 2014 animi
782 1963 790 2012 :
810 1966 870 2012 nec
887 1944 952 2033 jam
970 1942 1106 2033 amplius
1129 1943 1235 2022 armis,
1258 1949 1262 1955 '

263 2081 327 2154 Sed
344 2083 428 2154 votis
446 2080 656 2173 precibusque
673 2102 783 2173 parant
803 2105 973 2173 exposcere
994 2103 1118 2173 pacem.

350 2221 445 2291 Latro
463 2218 546 2290 ultra
561 2222 663 2303 saevit,
683 2219 830 2309 precibus
846 2243 905 2291 nec
924 2219 1061 2291 flectitur
1078 2218 1150 2290 ullis
1173 2241 1180 2288 z

261 2359 517 2451 aggrediturque
534 2357 641 2428 furens
657 2358 755 2430 lectas
772 2379 909 2430 mactare
928 2357 1074 2431 bidentes
1095 2382 1103 2429 :

263 2497 397 2589 Subjicit
415 2517 447 2570 et
462 2496 599 2579 verubus
616 2518 745 2587 prunas,
766 2517 797 2569 et
815 2499 935 2568 viscera
953 2515 1050 2568 torret
1071 2518 1079 2566 :

261 2639 348 2709 Dant
365 2637 476 2708 famuli
493 2635 640 2707 manibus
657 2635 816 2727 lymphas,
836 2658 1042 2727 cereremque
1061 2637 1203 2708 canistris

261 2776 453 2868 Expediunt,
473 2775 637 2865 tonsisque
655 2770 762 2844 lerunt
779 2757 922 2845 mantilia
939 2773 1033 2858 villis,

261 2917 300 2986 Et
317 2894 451 3006 dapibus
469 2935 595 2982 mensas
613 2929 760 2997 onerant,
781 2930 812 2982 et
831 2912 946 3002 pocula
965 2930 1102 3002 ponunt.

261 3054 415 3146 lmpletur
430 3055 546 3123 veteris
564 3051 692 3136 Bacchi,
712 3051 905 3143 pinguisque
924 3050 1045 3122 ferinae.

347 3189 425 3262 lnde
442 3189 609 3280 scelusque
627 3212 813 3280 novumque
832 3189 920 3260 nefas
932 3192 967 3261 in
978 3206 1105 3282 pectore
1122 3205 1236 3258 versat.

259 3332 345 3414 Quae
363 3330 460 3420 patris
477 3329 575 3399 occisi
593 3327 736 3399 servabat
753 3327 818 3398 filia
835 3327 939 3413 sedes,

257 3471 330 3559 Jam
349 3487 473 3539 matura
489 3472 571 3554 viro,
591 3472 656 3559 jam
674 3469 778 3559 plenis
796 3467 914 3538 nubilis
930 3471 1034 3553 aunis,

257 3606 343 3676 Huic
359 3624 486 3696 raptum
502 3606 624 3691 invitae,
644 3592 854 3697 stuprumque
872 3607 1008 3677 intentat
1026 3607 1153 3689 inermi,

258 3745 468 3814 Incensurum
486 3741 571 3813 aedes
588 3744 752 3828 minitans,
773 3761 958 3834 terrenaque
976 3762 1178 3817 trementem.
1294 3763 1297 3772 '

347 3878 495 3949 Nuncius
519 3879 639 3950 interea
657 3880 782 3965 viciuos
800 3867 915 3953 clamat
932 3900 1072 3973 agrestes
1092 3903 1101 3952 :

258 4021 365 4111 Atque
383 4020 461 4114 vigil
478 4040 585 4112 pastor
601 4021 715 4092 stabuli
734 4021 773 4093 de
791 4021 933 4093 culmine
950 4045 1079 4101 summo

261 4157 420 4229 Pastorale
438 4161 525 4270 canit
543 4162 683 4250 signum,
704 4183 867 4253 cornuque
886 4183 1019 4236 recurvo
