3038 5204
710 503 864 568 ..6-

716 750 845 818 Imeus.

696 998 862 1053 Laumrou.

271 1217 396 1288 Italus
416 1216 534 1284 eximio
553 1213 655 1283 lautus
674 1211 839 1303 cultusque
860 1215 975 1295 nitore,

357 1353 503 1443 Ampius,
523 1349 721 1442 magnificus,
741 1348 924 1440 splendidus
943 1370 1036 1441 atque
1052 1351 1155 1442 gravis
1182 1375 1188 1418 ε

272 1494 378 1562 Serius
397 1512 428 1561 et
446 1492 595 1582 prudens,
616 1514 690 1559 cum
708 1492 869 1578 majestate
887 1511 1014 1559 severus
1033 1513 1041 1555 ε

358 1629 488 1699 Viribus
505 1631 624 1719 ingenii
642 1628 815 1718 judiciique
831 1628 928 1717 viget.

271 1768 423 1838 Praeclare
442 1767 550 1838 doctas
568 1765 727 1836 studiosus
748 1763 881 1855 percolit
899 1783 979 1833 artes
1001 1788 1009 1832 :

359 1905 451 1974 Curae
470 1904 515 1973 illi
534 1907 645 1986 virtus,
665 1903 777 1994 gloria,
797 1902 933 1993 relligio.

269 2044 408 2132 Impiger
426 2062 458 2112 et
476 2062 624 2132 praestans
644 2042 750 2130 opifex
768 2067 775 2108 :
798 2060 954 2110 mercator
971 2040 1125 2110 honestus
1144 2065 1153 2108 z

358 2180 493 2248 Bellator
511 2204 634 2247 summa
652 2181 835 2248 strenuitate
853 2197 978 2267 potens.

670 2430 888 2486 Cauuuum'rou.

269 2627 396 2696 Italus
419 2628 565 2710 effraenis,
588 2626 716 2716 diraque
735 2627 1018 2711 libidinefervens,

357 2767 518 2855 Nequitiae
536 2765 679 2834 infandas
697 2765 791 2835 audet
810 2767 890 2833 inire
909 2767 988 2847 vias,

266 2904 398 2991 impius,
420 2923 451 2971 et
470 2908 620 2991 superum
639 2923 852 2992 contemptor,
874 2904 1008 2992 piurima
1026 2901 1137 2993 grandi

248 3036 250 3040 ’
356 3041 496 3108 Fucosus
514 3040 654 3129 loquitur
672 3040 768 3109 verba
787 3040 956 3130 supercilio
979 3065 987 3108 :

268 3178 398 3247 Vesano
418 3196 523 3267 turget
542 3176 600 3245 zeii
619 3177 780 3268 fastusque
801 3199 926 3248 tumore
948 3205 955 3246 :

356 3317 454 3384 Prava
471 3315 537 3383 odii
556 3317 669 3385 tacitus
688 3318 811 3384 semina
830 3336 939 3385 mente
957 3316 1055 3386 fovet.

267 3451 450 3521 Vindictam
470 3451 573 3521 differt
592 3451 757 3521 terdenos
784 3453 919 3523 ultorio
939 3478 1058 3538 annos3

355 3589 488 3658 Sumere
506 3588 699 3678 supplicium
717 3593 743 3656 si
761 3592 847 3679 prius
867 3589 944 3659 hora
962 3611 1069 3682 neget.
1138 3587 1141 3591 ⁴

268 3729 409 3797 Sectator
423 3731 523 3798 scorti
544 3749 602 3810 est,
625 3749 672 3797 est
690 3748 721 3796 et
743 3728 939 3818 Ganymedis
958 3749 1080 3798 amator
1101 3755 1107 3796 :

355 3869 478 3937 Cretera
497 3866 641 3935 consulte
659 3867 752 3934 Musa
771 3866 903 3935 tacenda
919 3886 1041 3935 monet.

268 4054 332 4122 Sic
353 4077 458 4146 rerum
478 4074 587 4123 natura
606 4079 717 4143 parens
737 4075 886 4143 operatur
904 4057 937 4123 in
956 4055 1045 4139 orbe,

355 4192 438 4270 Quae
456 4192 513 4260 fert
533 4213 613 4260 terra
633 4191 747 4275 bonOS,
771 4214 804 4261 ut
823 4193 900 4262 ferat
919 4193 973 4261 illa
994 4193 1106 4261 maim.
