3038 5204
719 493 916 562 ..ψ

471 726 519 797 nt
541 724 714 797 oumuu
737 726 964 796 mutuam
987 701 1177 797 ourun'

583 861 904 935 cosuocnapm
927 863 1054 936 neon.

397 1056 514 1140 Orteli,
535 1056 591 1127 tibi
611 1061 733 1127 naenias
751 1060 873 1141 inanes,

397 1186 435 1256 Et
453 1204 564 1257 cantus
582 1185 744 1278 querulos,
765 1186 999 1278 monodiasque

395 1316 525 1387 Viventi
544 1317 677 1387 minime
696 1315 792 1388 fuisse
810 1318 909 1403 cordi,

397 1451 601 1540 Perspectum
619 1451 699 1520 mihi
719 1454 947 1542 cognitumque
965 1475 1066 1542 quum
1085 1454 1126 1520 sir
1150 1475 1157 1518 :

398 1581 475 1650 Non
494 1579 632 1650 lamenta
648 1578 781 1669 proinde
796 1560 877 1651 vana
895 1580 1008 1667 fundo,
1088 1583 1097 1598 '

397 1710 467 1781 Nec
484 1710 594 1780 Parcas
613 1730 732 1780 temere
752 1714 882 1799 increpo
905 1733 1042 1793 sorores,

399 1840 499 1921 Quod
517 1841 615 1911 vitam
633 1840 689 1910 tibi
710 1839 886 1912 ademerint
904 1838 1085 1922 molestam,

398 1969 511 2060 Teque
530 1968 568 2038 ad
586 1967 689 2039 sidera
707 1970 851 2039 miserint
870 1969 1043 2052 volentem,

398 2101 469 2187 Jam
488 2099 619 2183 lassum,
638 2099 794 2190 fragilem,
815 2123 937 2186 senem,
958 2119 1078 2189 tuoque

400 2229 557 2300 Funerum
576 2252 709 2299 munere
729 2249 811 2299 recte
832 2249 863 2299 et
881 2228 1015 2299 erudite.

399 2362 507 2452 Ipsum
526 2361 588 2431 hoc
608 2360 768 2450 decrepita
790 2358 934 2451 exigebat
952 2378 1048 2442 aetas3
1117 2386 1121 2394 ·

399 2493 508 2582 Ipsum
527 2491 589 2562 hoc
607 2514 665 2581 pro
684 2493 805 2561 meritis
823 2492 885 2560 tuis
905 2508 1070 2571 statutum,

400 2624 527 2694 Summi
545 2624 690 2693 Numine
709 2625 753 2691 sic
770 2621 898 2691 volente
918 2619 1004 2704 coeli,

399 2755 444 2826 Ut
462 2773 534 2844 post
552 2752 695 2824 assiduos
715 2754 806 2843 quies
823 2749 947 2821 labores

401 2886 451 2956 Te
472 2885 545 2956 laeto
563 2885 724 2974 excipiens
744 2883 849 2953 bearet
868 2905 948 2952 aevo.

401 3017 434 3088 O
453 3019 480 3087 si
498 3040 551 3085 me
569 3038 698 3105 quoque
716 3018 798 3085 sicca
818 3036 917 3097 mors,
938 3014 1097 3081 minorem

403 3149 506 3217 Annis
525 3145 634 3236 plusve
653 3146 798 3214 minusve
820 3163 851 3212 te
871 3140 995 3212 duobus

405 3275 507 3366 (Nam
525 3275 572 3345 bis
589 3273 685 3344 lustra
705 3298 765 3364 ego
783 3274 899 3362 septies
918 3268 1040 3361 peregi)

403 3405 537 3496 AEgrum
555 3403 691 3488 tolleret,
712 3422 745 3473 et
760 3402 878 3484 labore,
902 3423 987 3482 cura,

403 3539 583 3626 Languore,
605 3554 698 3624 atque
718 3530 786 3601 aliis
802 3530 893 3599 malis
911 3530 1040 3614 levaret,

404 3668 449 3738 Ut
466 3669 511 3737 sic
529 3685 601 3756 post
619 3663 743 3735 obitum
760 3682 792 3734 et
811 3685 957 3752 suprema
974 3659 1103 3731 tandem

403 3799 528 3869 Possim
546 3796 657 3867 funera
676 3795 774 3866 dicier
794 3793 914 3863 beatus.

718 3932 827 4021 (Obiit
845 3933 1026 4021 Antverpiae
1045 3960 1273 4004 ctsnsxcnxnut.

846 4068 989 4140 kalendis
1008 4064 1225 4160 quintilibus.)

742 4261 911 4272 Μ
