3038 5204
419 109 531 181 Odore
549 127 656 201 gratus
674 104 814 179 naribus.

737 369 852 439 Leros.

285 593 426 666 lmbellis
443 594 535 685 lepus
554 612 614 683 est,
634 595 747 666 tacitus
765 592 961 688 pavidusque
979 597 1108 678 timore,

373 736 544 822 Tremens,
564 735 669 828 fugax,
688 759 797 827 vaguS,
818 734 908 820 levis,
929 734 1022 805 velox
1039 732 1121 825 pede
1142 759 1151 802 r

285 871 427 943 Callidus
444 893 540 966 atque
558 899 652 966 sagax
672 875 832 945 :villosus
853 898 861 944 :
881 842 1147 965 corporeparvus
1168 897 1178 944 a

372 1009 535 1101 Sublimus
552 1031 671 1096 autem,
691 1035 836 1103 magnus,
859 1035 931 1081 acer
951 999 1093 1081 auribus.

284 1151 339 1223 Est
357 1151 457 1222 oculis
474 1151 617 1243 glaucus,
637 1151 797 1244 longeque
816 1150 1009 1222 exstantibus
1030 1149 1155 1242 amplus
1177 1177 1187 1222 :

372 1289 499 1362 Diffuso
516 1288 615 1362 hebes
630 1290 701 1361 visu
718 1289 793 1361 licet
813 1293 968 1362 caecutiat.

285 1430 363 1501 Non
380 1427 481 1500 oculis
500 1428 619 1501 dormit
636 1430 750 1501 clausis
771 1453 779 1500 :
800 1429 979 1522 speculatur
994 1431 1123 1522 apertis,

374 1567 463 1638 Dum
481 1568 625 1639 membra
641 1591 758 1640 somno
777 1568 1009 1661 conquiescunt
1027 1586 1155 1638 caetera.

286 1707 455 1797 Expositus
473 1706 603 1799 praedae‚
623 1705 753 1798 vulpem
771 1706 875 1791 timet,
895 1724 988 1798 atque
1007 1727 1136 1797 rapaces

374 1846 479 1933 Peras,
500 1870 586 1932 aves,
605 1868 712 1931 canes,
731 1844 838 1936 plagas
855 1845 1054 1914 venantium.

286 1981 435 2075 Cumque
453 1984 495 2055 sit
512 1984 636 2068 incerti,
655 1981 754 2054 modo
772 2006 852 2069 mas,
873 1981 972 2054 modo
990 1982 1137 2068 foemina,
1157 2008 1281 2072 sexus,

1275 2086 1279 2093 ι

376 2102 502 2216 Gignit,
523 2124 614 2218 parit,
635 2122 747 2196 crebro
765 2121 956 2213 superfuerat
968 2122 1071 2215 lepus.

687 2398 889 2468 Cuurcuuus.

287 2650 412 2725 Gaudet
430 2651 464 2720 in
482 2651 605 2722 effossis
624 2649 764 2723 habitare
785 2607 950 2724 cuniculub
969 2654 1067 2723 antris
1088 2679 1096 2722 :

255 2891 257 2896 Ι
374 2789 562 2861 Simillimus
579 2762 683 2860 forma
700 2809 732 2861 et
749 2790 821 2881 pilis
839 2790 1015 2882 lepusculo.

285 2931 378 3002 More
395 2928 582 3020 superfuerat
598 2928 715 3020 leporis
737 2954 745 3000 :
764 2929 960 3021 timidusque
980 2931 1122 3000 cavernis

373 3067 450 3138 Sese
468 3065 596 3154 occulit,
617 3090 659 3136 ne
677 3065 783 3157 praeda
801 3067 856 3139 fiat
873 3066 1031 3138 hostibus.

285 3208 328 3279 At
345 3204 458 3279 frustra
476 3204 621 3292 latebras,
641 3207 820 3300 spelaeaque
839 3209 952 3299 quaerit
967 3229 1068 3296 opaca
1088 3232 1097 3274 a

373 3346 499 3414 Frustra
514 3342 607 3429 fodit,
627 3367 785 3436 cavosque
803 3347 868 3437 agit
888 3328 1063 3415 cuniculos.

287 3485 466 3578 Vestigator
484 3486 573 3556 enim
591 3488 697 3558 tenuis
716 3485 801 3557 subit
819 3504 906 3556 antra
926 3483 1066 3568 catellus,
