3038 5204
668 527 712 541 ..
740 511 869 577 131..

694 722 827 792 Eunus.
909 807 910 810 Ἴ

257 969 352 1040 Casta
370 969 471 1038 Erena
490 970 541 1056 pie
559 967 675 1036 vestitu
693 964 804 1036 induta
825 964 921 1050 virili,

345 1101 440 1195 Eligit
459 1102 585 1175 obscuri
604 1102 695 1174 devia
712 1123 795 1175 tecta
813 1127 925 1195 specus
947 1131 956 1175 ι

255 1244 404 1315 Vescitur
421 1244 474 1314 hic
492 1242 597 1315 herbis
618 1271 626 1312 :
650 1248 790 1316 animam
808 1244 873 1316 edit
894 1270 901 1314 :
921 1245 1043 1316 lumine
1063 1269 1188 1317 cassum

342 1381 466 1471 Corpus
485 1382 649 1453 heremitae
669 1384 881 1455 condecorant
906 1383 1043 1455 tumulo.

466 1662 607 1733 Putnon
625 1663 821 1735 Mancinus
841 1665 1070 1737 Aunocutnn.

256 1904 378 1976 Montis
398 1905 532 1988 Oliveti,
553 1905 712 1976 velamine
730 1924 813 1978 tecta
831 1907 926 1991 virili,

342 2041 544 2112 Antiochena
562 2047 673 2134 jugum
692 2043 812 2113 semina
830 2068 902 2135 quae
921 2045 1032 2127 coluit,

255 2179 457 2268 Contemptis
475 2180 603 2271 opibus,
624 2181 705 2252 fastu
725 2181 865 2272 luxuque
884 2181 1007 2265 relicto,

340 2321 377 2390 In
397 2319 489 2392 coelis
511 2319 595 2392 dulci
614 2321 722 2391 laetitia
738 2320 862 2392 fruitur.

652 2606 880 2676 Eununosuuu.

256 2848 469 2940 Euphrosyna
485 2851 520 2919 in
539 2869 660 2921 coetum
679 2850 911 2920 monachorum
928 2850 1019 2939 virgo
1038 2866 1175 2939 recepta,

345 2987 471 3057 Mutato
489 3010 600 3057 sexum
618 2991 749 3059 nomine
770 2988 983 3073 dissimulans,

257 3124 380 3214 Sponte
399 3125 521 3196 inclusa
540 3148 620 3196 casae
639 3128 737 3198 vitam
755 3127 823 3196 sola
841 3129 925 3216 egit3
946 3145 978 3197 et
997 3145 1068 3196 ante

344 3261 472 3334 Credita
490 3266 548 3349 vir,
571 3262 685 3336 mulier
703 3283 829 3335 mortua
845 3266 913 3335 visa
931 3263 1003 3336 fuit.

626 3535 712 3604 Sana
735 3555 906 3610 nouuctn.
966 3628 968 3633 Ι

259 3775 345 3856 Quae
364 3778 538 3867 sexagenis,
561 3775 600 3847 ad
617 3779 719 3868 ripam
737 3777 891 3864 fluminis,
914 3781 1006 3848 annis

348 3913 423 3983 Sara
441 3937 538 3985 senex
556 3917 630 3986 vitae
647 3936 791 4008 tempora
808 3917 904 4007 longa
921 3915 1028 4002 trahit,

260 4052 359 4123 Vasto
380 4057 570 4141 insecessu,
591 4057 724 4127 Domini
742 4056 912 4129 meditatur
929 4057 1016 4145 Jesu,

348 4191 432 4262 Cum
451 4195 571 4284 gemitu
591 4216 622 4265 et
639 4195 820 4287 lachrymis,
840 4196 981 4280 vulnera,
1003 4195 1112 4286 flagra,
1140 4216 1279 4266 crucem.
