3038 5204
687 515 812 601 ..138
840 550 885 565 ..

687 720 875 788 Potitum.

271 911 388 984 Lilium
408 931 442 982 ut
461 934 597 1002 agrestes
615 915 697 982 inter
715 917 834 1003 spinas,
855 934 889 983 ut
909 916 941 982 in
960 917 1034 1004 igne

359 1053 496 1135 Aurum,
517 1055 612 1123 imin
632 1055 781 1123 extremis
800 1051 924 1141 perfero
945 1051 1024 1122 duta
1039 1051 1144 1123 malis.

714 1260 847 1328 Houor.

271 1453 418 1527 Consilio
437 1455 581 1544 insignis,
603 1452 769 1536 facundus,
791 1450 916 1534 doctus,
938 1468 969 1519 et
988 1474 1048 1521 usu

356 1592 416 1663 Vir
434 1592 532 1683 longo
552 1613 710 1683 expertus,
732 1592 847 1682 dignus
868 1589 992 1660 honore
1013 1591 1110 1662 cluet.

715 1787 837 1856 Linou.

269 1977 308 2048 Et
326 1975 469 2060 formica,
491 1996 523 2046 et
540 1980 617 2067 apis,
639 1976 729 2048 bovis
749 1979 881 2062 exuviae,
903 1978 981 2068 ligo,
1008 1979 1106 2066 clava,

356 2116 542 2207 ignitusque
561 2115 649 2198 silex,
671 2136 744 2185 sunt
763 2134 816 2184 tua
836 2118 937 2204 signa,
958 2115 1057 2186 labor.
1083 2184 1088 2189 .

679 2317 882 2387 Dtuouutu.

269 2510 370 2592 Quod
387 2529 480 2601 gesto
497 2510 643 2602 flagrum,
665 2535 717 2582 me
735 2513 1067 2604 gnavamogilemque
1078 2540 1088 2600 3
1110 2514 1167 2585 sed
1186 2515 1239 2585 alae

354 2651 392 2719 In
412 2651 513 2740 capite
533 2668 564 2720 et
582 2649 728 2740 pedibus,
750 2674 802 2720 me
821 2653 958 2724 celetem
981 2674 1049 2725 esse
1068 2650 1199 2726 doc'ent.

670 2845 889 2916 Loummis.

270 3032 381 3107 Cornu
401 3038 502 3127 copiae
520 3035 614 3106 habet
633 3060 746 3106 manus
765 3054 918 3126 utraque:
939 3035 1054 3126 largior
1072 3036 1148 3107 inde

355 3171 509 3244 Muuifice
535 3195 541 3241 :
563 3191 654 3243 atne
674 3176 735 3242 sim
753 3171 897 3263 prodiga,
919 3195 1011 3242 servo
1030 3171 1178 3244 modum.

675 3386 851 3470 Moestus.

267 3578 393 3651 Dicitur
412 3577 546 3648 alituum
564 3578 684 3666 regina,
707 3572 822 3664 aquila,
845 3592 876 3642 et
893 3573 981 3659 lovis
1001 3572 1063 3642 ales
1084 3598 1091 3643 ε

356 3718 505 3806 Maiestas
525 3716 695 3788 homiuum
713 3713 884 3804 praeficitur
901 3714 1024 3803 generi.

684 3912 863 3980 Potusms.

265 4103 293 4176 E
312 4100 395 4171 coelo
416 4119 464 4169 est
481 4101 598 4183 omnis,
620 4098 718 4168 Paulo
737 4118 882 4183 testante,
905 4116 1043 4188 potestas
1064 4123 1071 4165 :

352 4239 421 4311 Nec
441 4234 554 4308 frustra
573 4241 695 4328 virgam
714 4240 840 4326 gestitat
859 4256 889 4306 et
908 4233 1062 4328 gladium.
