3052 5212
696 453 872 521 ...gg-

323 694 329 707 ·
362 660 413 731 Ad
430 683 524 751 grave
543 658 654 728 Martis
673 679 754 747 opus
769 660 871 747 piger,
892 657 959 725 auri
978 675 1081 724 caecus
1100 673 1211 721 amore

274 800 398 873 Invadit
416 799 505 869 villas
526 820 533 866 :
554 816 696 888 correpta
715 795 793 865 dura
811 794 944 884 bipenni

276 943 402 1012 Limina
421 938 609 1030 perrumpit,
630 953 799 1025 postesque
818 958 836 1002 a
854 931 966 1001 limine
984 927 1073 999 vellit
1094 950 1101 996 :

275 1083 374 1151 Instat
390 1080 421 1146 vi
439 1075 540 1144 multa
558 1075 706 1158 fervens;
727 1094 786 1142 nec
805 1071 950 1152 claustra,
972 1090 1032 1137 nec
1050 1067 1110 1155 ipsi

277 1213 434 1287 Custodes
452 1212 584 1281 sufferte
602 1209 709 1281 valent
731 1231 739 1278 :
760 1207 843 1277 labat
863 1208 960 1277 ariete
979 1204 1091 1276 crebro

277 1356 389 1443 Janua,
409 1371 440 1422 et
459 1351 557 1419 emoti
577 1345 792 1438 procumbunt
811 1344 939 1415 cardine
958 1359 1076 1432 postes.

279 1492 319 1560 Se
339 1486 453 1579 praedae
473 1487 611 1575 accingit
632 1506 640 1553 :
660 1502 783 1555 veteres
801 1482 912 1553 tellure
931 1479 1065 1551 recludit

279 1628 474 1711 Thesauros,
497 1628 644 1717 ignotum
663 1625 785 1715 argenti
807 1619 936 1712 pondus
956 1637 988 1690 et
1006 1621 1085 1689 auri.

366 1766 527 1850 Rusticus,
551 1784 587 1833 ut
604 1762 705 1833 cernit
725 1785 847 1833 saevum
873 1762 907 1830 in
927 1757 1142 1850 penetralibus
1161 1755 1300 1838 hostem,

280 1904 339 1972 His
357 1903 449 1972 illum
467 1897 648 1991 aggreditur
665 1897 770 1982 dictis,
790 1917 884 1987 atque
903 1897 1046 1986 increpat
1067 1917 1075 1964 ε
1095 1895 1241 1978 heusta,
1276 1881 1280 1890 ’

282 2039 442 2129 Quisquis
461 2061 506 2123 es,
526 2056 665 2106 armatus
683 2035 739 2125 qui
758 2052 866 2104 nostra
883 2035 917 2103 in
935 2033 1049 2103 limina
1065 2031 1185 2116 tendis,

279 2177 367 2260 Fare,
390 2199 460 2265 age,
481 2174 559 2264 quid
578 2175 688 2244 venias
708 2173 892 2262 :externplo
909 2174 1087 2263 comprime
1104 2192 1262 2262 gressum.
1317 2162 1320 2167 ’

280 2317 379 2383 Arma
398 2310 452 2380 diu
472 2313 580 2380 senior
596 2308 726 2381 desueta
743 2309 954 2382 trementibus
970 2335 1040 2383 aevo

279 2447 463 2520 Circumdat
481 2449 694 2538 nequicquam
713 2447 867 2534 humeris,
888 2470 920 2522 et
937 2450 1050 2520 inutile
1073 2449 1193 2520 ferrum

280 2589 438 2678 Cingitur,
459 2608 491 2658 et
509 2586 614 2657 dirum
632 2586 731 2658 fertur
753 2591 926 2659 moriturus
944 2591 979 2658 in
999 2590 1138 2660 hostem.

168 2777 171 2781 .
247 2748 249 2751 ’
280 2729 369 2799 Uxor
386 2749 421 2799 ut
440 2751 527 2798 arma
544 2726 643 2813 videt,
663 2731 788 2820 magnis
807 2730 954 2800 exterrita
972 2728 1084 2814 turbis,

280 2864 444 2933 Horrescit
462 2864 532 2933 visu
551 2863 657 2936 subito
679 2885 687 2932 :
709 2864 794 2935 calor
814 2890 887 2936 ossa
905 2866 1057 2957 relinquit
1077 2886 1085 2933 :

279 2998 421 3085 Labitur,
444 3020 476 3072 et
494 3001 595 3092 longo
614 3004 667 3107 gix
685 3002 816 3074 tandem
834 3023 979 3093 tempore
997 3003 1079 3074 fatur
1099 3023 1107 3070 :

282 3134 367 3216 Quae
386 3157 539 3235 menste,
563 3162 685 3229 quaeso,
706 3158 771 3209 tam
790 3139 869 3226 dira,
889 3141 1068 3209 miserrime
1086 3140 1225 3228 conjux,

282 3275 342 3343 His
361 3277 447 3366 cingi
467 3276 602 3367 impellit
619 3278 714 3349 telis?
732 3284 797 3350 Aut
819 3283 884 3371 quo
903 3281 993 3349 ruis?
1012 3280 1128 3370 inquit.
1159 3276 1162 3280 ⁴

282 3413 316 3481 Si
338 3410 419 3483 bene
439 3413 516 3505 quid
535 3416 575 3485 de
594 3435 626 3487 te
644 3420 758 3502 merui,
780 3419 839 3488 fuit
857 3437 911 3488 aut
929 3416 986 3488 tibi
1004 3418 1177 3507 quicquam

282 3547 385 3619 Dulce
403 3572 514 3621 meum
524 3579 536 3636 3
554 3555 706 3624 miserere
726 3553 841 3626 domus
859 3554 1006 3639 labentis,
1026 3573 1057 3624 et
1075 3555 1182 3639 istam,

282 3688 366 3770 Oro,
387 3689 414 3756 si
435 3691 507 3779 quis
526 3690 629 3761 adhuc
649 3691 795 3782 precibus
814 3692 916 3778 locus,
937 3716 1016 3762 exue
1035 3711 1191 3764 mentem.

281 3828 425 3898 Dixerat.
445 3826 502 3898 llle
520 3851 627 3902 autem
645 3856 721 3902 mox
739 3857 808 3903 sese
826 3810 920 3925 jactat
937 3837 972 3904 in
989 3835 1116 3906 hostem
1137 3853 1146 3902 ε

282 3966 404 4035 Verum
424 3969 520 4036 armis
537 3973 652 4059 gravis,
673 3991 768 4063 atque
787 3991 937 4059 tremens,
959 3993 991 4045 et
1008 3975 1138 4065 segnior
1155 3974 1258 4057 annis,

282 4104 433 4176 Devictus
454 4106 549 4193 cadit,
570 4127 601 4182 et
620 4112 717 4182 vitam
735 4135 810 4183 cum
828 4116 983 4204 sanguine
1001 4113 1116 4185 fundit.
