3038 5204
692 520 867 587 ..24..

267 707 342 774 Arte
363 702 442 773 adeo
463 705 610 792 insignis,
631 726 680 770 res
697 722 731 772 ut
750 703 776 769 si
796 703 876 771 seria
894 722 1015 792 poscat,

353 841 409 910 Nil
428 841 510 909 bene
529 838 686 909 veridicus
706 863 959 910 commemorare
979 864 1074 931 queas
1098 865 1105 909 :

265 981 423 1061 Mentiris,
446 980 570 1068 quoties
583 962 646 1047 'tibi
667 976 771 1047 dicere
790 1002 862 1047 veta
880 977 1015 1063 videris3

352 1118 499 1207 Veraque
520 1140 594 1185 cum
615 1115 705 1200 dicis,
724 1116 799 1185 falsa
817 1115 931 1186 referre
950 1137 1053 1207 putas

266 1255 359 1325 Fallis
378 1244 570 1324 commentis
590 1253 667 1322 alios
686 1273 717 1323 et
735 1252 850 1322 falleris
868 1255 935 1343 ipse
957 1277 973 1321 t·

354 1395 573 1483 Structorique
593 1412 689 1462 nocet
706 1391 852 1462 machina
871 1412 987 1463 structa
1005 1417 1076 1462 suu.

269 1528 442 1621 Splendida
460 1529 561 1599 fallaci
580 1529 712 1600 decoras
728 1528 893 1600 mendacia
909 1529 995 1615 lucu,

356 1669 395 1738 Et
413 1666 471 1738 tibi
490 1666 661 1758 plaudendi
680 1691 747 1737 non
766 1667 845 1738 levis
864 1693 939 1739 ansa
957 1668 1066 1755 datur3

268 1811 417 1879 Incautos
442 1805 548 1876 videas
566 1810 592 1876 si
610 1809 701 1876 vanis
720 1805 847 1877 credere
866 1809 970 1898 nugis,

357 1945 564 2036 Intentosque
585 1947 647 2014 tuis
667 1970 721 2015 ora
739 1966 846 2015 tenere
864 1936 963 2036 logis,

270 2086 402 2157 (lautior
420 2103 451 2154 at
469 2087 496 2153 si
515 2086 586 2174 quis
604 2086 689 2155 tricis
708 2087 863 2155 contraria
882 2084 976 2171 dicat,

358 2222 612 2315 Mendacemque
630 2223 737 2313 probis
756 2243 865 2315 arguat
883 2223 1026 2309 indiciis3

268 2362 368 2435 Nulla
384 2362 556 2433 verecundi
574 2359 654 2431 facie
673 2360 728 2430 das
747 2363 837 2452 signa
855 2360 1008 2451 pudoris3

357 2500 420 2571 Sed
439 2501 531 2572 dictis
549 2521 704 2591 perstans,
716 2500 944 2592 ‘propositique
963 2520 1068 2594 tenax,

267 2640 391 2709 Acriter
410 2637 538 2709 obsistis
560 2663 568 2707 ε
591 2638 670 2708 nulli
688 2641 736 2709 vis
757 2637 868 2708 cedere
886 2603 989 2708 victus
1012 2663 1019 2707 :

355 2775 464 2846 Gloria
482 2800 523 2845 ne
542 2777 655 2866 palmae
673 2778 714 2846 sit
732 2778 839 2845 minus
857 2774 961 2865 ampla
979 2796 1053 2846 tuae.

269 2936 381 3024 Perge,
402 2957 471 3023 age,
492 2930 661 3002 mendaces
682 2934 764 3002 inter
782 2931 980 3002 celebrabere
998 2936 1100 3004 victor
1121 2960 1128 3002 :

360 3074 446 3141 Inter
464 3095 602 3156 veraces,
624 3071 781 3161 improbe,
800 3075 903 3142 victus
922 3074 995 3142 eris.
1054 3068 1057 3072 ’

493 3434 714 3501 ABUSUS
748 3419 1066 3505 MEDICINAE.

629 3625 758 3682 Mebtcus
776 3640 931 3682 meminus.

268 3795 316 3862 En
336 3792 447 3864 adsum
470 3797 627 3884 Medicus,
649 3798 811 3890 languenti
831 3800 977 3892 optabilis
995 3827 1093 3893 aegto,

357 3934 467 4014 Quem
485 3936 586 4008 lluido
604 3941 677 4009 vitae
695 3939 792 4011 taedet
810 3942 844 4009 in
863 3940 940 4011 orbe
958 3966 1036 4011 suae.

269 4071 387 4142 Nostra
406 4075 483 4166 quid
502 4075 616 4146 efficiat
634 4100 772 4166 praesens
791 4077 950 4149 medicina
970 4079 1104 4164 doceb0,

359 4215 398 4284 Et
419 4214 533 4304 quibus
552 4217 708 4308 excipiam
726 4240 858 4309 corpora
875 4219 955 4289 lassa
973 4219 1092 4290 modis.
