3038 5204
579 572 776 638 ..143-

387 853 433 921 IN
465 852 660 924 MORTEM
692 851 967 923 ANTONIOLAE

427 1068 659 1124 MAXIMILIANI
674 1069 800 1124 VRINDI
816 1069 924 1124 FILIAE.

256 1269 328 1338 Heu
347 1292 444 1359 quam
462 1268 596 1338 lanificae
615 1268 702 1341 brevi
720 1292 856 1352 sorores,

256 1409 511 1498 Quinquennem
528 1409 624 1475 nimis
643 1429 759 1496 asperae
779 1408 812 1474 in
830 1405 979 1494 puellam,

255 1547 424 1617 Momento
441 1545 549 1635 fragile
568 1544 728 1614 abscidere
747 1547 894 1615 stamen!
919 1581 937 1595 .,

256 1687 416 1776 Extingui,
439 1709 459 1754 o
478 1685 560 1754 mala
578 1685 650 1769 fata,
671 1708 772 1773 parcae
791 1687 922 1774 iniquae,

256 1821 359 1894 Letho
378 1841 443 1892 tam
461 1840 640 1911 properam,
664 1820 788 1906 acerbo,
809 1844 928 1906 amaro,

259 1961 374 2031 Vrindi
393 1961 615 2045 Antoniolam,
636 1965 732 2051 patris
750 1962 908 2052 simulque

257 2102 367 2170 Matris
387 2099 525 2182 delicias,
545 2100 604 2167 fuit
623 2103 779 2169 necesse?

257 2239 334 2309 Non
352 2236 421 2307 talis
440 2259 590 2327 superum
608 2237 739 2327 quidem
758 2239 904 2310 voluntas
924 2264 933 2310 ε

259 2377 381 2449 Vestrae
401 2376 471 2448 haec
489 2376 617 2447 invidiae
635 2379 820 2468 imputanda
838 2402 924 2450 mors
943 2397 1001 2447 est.

256 2520 299 2590 At
317 2541 377 2588 nos
396 2540 470 2587 cum
489 2518 664 2586 revocarier
681 2517 786 2607 puella

256 2655 293 2726 ln
311 2659 410 2727 vitam
428 2675 565 2745 nequeat
587 2656 683 2726 silens
703 2659 855 2746 priorem,

256 2795 350 2868 Votis
369 2794 563 2886 supplicibus
582 2796 665 2864 Deas
683 2818 832 2885 rogamus

256 2936 419 3022 lunonem
437 2933 673 3024 Veneremque,
695 2956 803 3003 amore
821 2935 936 3022 junctis

257 3072 351 3144 Dulci
371 3072 560 3163 conjugibus
582 3073 682 3141 velint
704 3071 812 3142 adesse
835 3093 842 3138 :

256 3215 401 3282 Funestae
420 3230 455 3278 ur
473 3232 614 3300 reparare
633 3208 748 3279 damna
766 3211 888 3292 mortis,

256 3354 362 3442 Atque
380 3349 601 3433 Antoniolam,
620 3348 693 3418 loco
712 3349 853 3438 sepultae,

255 3492 321 3560 Aut
340 3488 551 3584 Antoniolum
572 3485 715 3557 obtinere
733 3489 868 3576 possint.

259 3626 370 3712 Quod,
392 3626 526 3711 Vrinde,
548 3647 582 3695 ut
602 3625 659 3698 tibi
677 3630 718 3695 sit
736 3626 859 3696 bonum
878 3642 971 3714 atque
991 3622 1077 3705 felix,

259 3765 388 3835 Gna'vus
406 3785 520 3854 praesta
544 3788 675 3855 operam
694 3784 781 3834 tuam
799 3761 963 3853 patrando.

833 3899 941 3992 (Obiit
960 3897 1135 3988 Candavi.)
