3038 5204
689 562 888 628 —126-

399 706 402 710 b
450 764 792 838 EttPosTtJLaTJO
814 763 913 852 JESU
936 765 1114 837 CHRISTI

568 911 647 968 cuu
665 911 802 969 uunoo
820 911 998 970 motato.
1076 912 1079 920 ·

275 1087 354 1158 Sum
372 1084 504 1178 pulcher
524 1110 532 1156 :
552 1105 583 1156 at
600 1107 698 1156 nemo
713 1058 824 1158 ¹tamen
842 1110 896 1158 me
913 1087 1028 1179 diligit.

274 1222 353 1294 Sum
371 1222 488 1293 nobilis
508 1247 517 1292 a
538 1245 636 1293 nemo
654 1242 701 1292 est
719 1223 799 1294 mihi
818 1227 873 1315 qui
893 1227 1019 1295 serviat.
1073 1280 1076 1285 .

274 1362 352 1433 Sum
370 1360 458 1433 dives
479 1385 487 1429 :
506 1383 524 1429 a
541 1383 593 1430 me
612 1383 710 1431 nemo
729 1364 902 1452 quicquam
920 1361 1071 1452 postulat.

273 1501 313 1572 Et
329 1518 443 1570 cuncta
460 1519 615 1588 possum;
636 1520 734 1568 nemo
752 1521 805 1568 me
826 1518 933 1569 tamen
952 1500 1056 1570 timet.

273 1638 423 1710 AEtemus
439 1656 528 1708 exsto
550 1659 559 1706 a
581 1659 706 1728 quaeror
724 1660 742 1706 a
760 1638 971 1727 paucissimis.

273 1776 477 1869 prudensque
494 1799 566 1846 sum
588 1801 596 1842 ε
617 1774 673 1845 sed
693 1798 745 1844 me
763 1778 835 1865 quis
853 1795 900 1845 est
919 1778 974 1866 qui
993 1775 1164 1846 consulit?

272 1918 312 1989 Et
329 1938 401 1987 sutn
418 1916 470 1986 via
491 1937 499 1984 :
519 1932 551 1984 at
567 1936 624 2004 per
643 1937 696 1984 me
714 1916 969 2005 quotusquisque
987 1914 1156 1985 ambulat?

273 2055 353 2126 Sunt
370 2054 484 2125 veritas
504 2077 513 2122 a
534 2075 630 2143 quate
649 2051 729 2121 mihi
749 2076 816 2122 non
835 2051 1002 2122 creditur?

272 2191 352 2261 Sum
368 2191 433 2262 vita
453 2214 462 2261 a
483 2212 596 2262 verum
612 2212 699 2261 rarus
718 2209 765 2260 est
784 2192 839 2280 qui
859 2213 911 2259 me
935 2193 1025 2280 petit.

271 2330 351 2403 Sum
368 2353 442 2402 vera
460 2329 515 2400 lux
535 2354 544 2399 :
565 2329 671 2401 videte
690 2353 743 2399 me
762 2350 860 2399 nemo
879 2331 977 2419 cupit.

272 2468 351 2539 Sum
369 2468 548 2540 misericors
569 2495 577 2538 ε
595 2467 700 2538 nullus
715 2465 814 2537 fidem
831 2466 864 2536 in
882 2489 935 2534 me
954 2465 1099 2536 collocat.

358 2606 424 2692 Tu,
445 2609 471 2676 si
488 2609 584 2698 peris,
606 2631 672 2678 non
691 2605 724 2677 id
743 2604 823 2675 mihi
843 2606 993 2694 imputes,
1016 2602 1145 2674 homo:

271 2743 361 2816 Salus
378 2743 436 2817 tibi
455 2763 502 2817 est
520 2769 538 2816 a
556 2768 609 2815 me
628 2764 734 2834 parata
757 2768 764 2812 :
786 2741 845 2813 hac
864 2761 965 2814 utere.

594 3067 775 3139 MORTIS
810 3067 952 3138 AGON.

356 3233 453 3323 AEger
471 3230 572 3302 homo
591 3230 720 3301 recubat
737 3229 930 3319 languorum
949 3228 1092 3319 pondere
1110 3251 1238 3319 pressus
1260 3252 1269 3298 ι

268 3373 430 3463 Assistunt
447 3372 577 3461 conjux,
597 3370 714 3462 proles,
736 3369 916 3459 moestique
934 3388 1081 3459 parentes
1104 3392 1114 3438 a

270 3507 456 3580 Consulitut
474 3506 619 3578 medicus
638 3533 646 3577 ε
667 3508 840 3597 geniorum
857 3503 948 3575 turba
966 3505 1126 3576 malorum

257 3638 308 3717 vEt
325 3644 415 3716 furiae
432 3643 539 3714 afflicti
558 3663 764 3734 mentemque
783 3644 991 3732 animumque
1009 3641 1154 3731 fatigant.

353 3857 502 3946 Ignarum
520 3856 669 3939 instituit,
690 3856 786 3926 sactis
804 3855 973 3944 munitque
997 3851 1144 3924 sacerdos
1167 3879 1175 3921 ε

267 3991 382 4084 Angeli
400 3992 439 4063 ab
457 3991 590 4062 aethetio
607 3993 964 4081 veniunt·ptoperanter
981 3989 1143 4081 Olympo,

267 4130 403 4203 Adstant
419 4131 595 4224 languenti,
615 4130 793 4222 lachrymas
812 4130 979 4222 celantque
996 4149 1178 4221 parentum,

267 4269 306 4338 Et
323 4267 431 4357 fugere
450 4267 602 4340 horrendi
622 4269 856 4338 cacodaemonis
880 4269 1008 4357 agmina
1027 4286 1158 4356 cogunt.
