3038 5204
678 576 871 647 ..ψ

263 768 342 838 Non
356 765 420 836 huc
437 784 532 856 atque
549 763 624 837 illuc
644 763 768 835 animus
786 758 971 833 meditando
985 779 1119 852 uagetur
1138 787 1148 832 a

354 900 419 972 Sed
436 923 574 992 praesens
592 922 713 970 numen
732 898 862 990 cogitet,
882 918 964 984 oret,
985 916 1080 967 amet.

264 1039 357 1108 Hanc
375 1060 464 1109 serva
481 1049 632 1121 normam
648 1038 792 1129 quisquis
810 1057 896 1144 sacra
914 1035 986 1104 fana
1003 1034 1184 1126 frequentas
1205 1059 1213 1103 :

351 1173 408 1244 Sin
426 1175 532 1245 minus
553 1199 560 1244 :
582 1172 734 1245 accedens
751 1171 834 1272 lana,
855 1173 1005 1263 profanus
1029 1173 1103 1242 eris.

460 1575 461 1579 =
574 1527 625 1596 ἸΝ
662 1525 967 1598 HYPOCRITAM.

260 1744 350 1814 Heus
367 1761 415 1827 ru,
434 1741 541 1814 fucato
559 1740 724 1812 simulator
742 1740 908 1831 hypocrita
930 1741 1031 1824 vultu,

261 1879 378 1971 Ecquis
394 1879 454 1951 erit
471 1876 536 1948 fuci
554 1875 685 1948 tandem
702 1875 817 1947 finisve
835 1876 1019 1948 modusve?

260 2005 319 2090 Vis
337 2020 488 2107 clemens,
507 2018 649 2105 humilis,
670 2037 867 2102 mansuetus,
889 2019 1002 2106 justus,
1022 2016 1186 2102 honestus,

260 2159 384 2249 Integer
402 2177 434 2229 et
450 2177 566 2243 castus,
586 2156 705 2249 probus
724 2176 816 2247 atque
835 2154 992 2246 benignus
1012 2153 1119 2226 haberi
1142 2179 1149 2224 :

260 2293 399 2363 Plurima
418 2294 452 2363 in
470 2292 539 2364 aede
556 2315 643 2363 sacra
660 2292 784 2383 pietatis
803 2294 894 2383 signa
913 2289 1027 2362 doloso

259 2428 412 2501 Ostentas
429 2448 520 2520 gestu
542 2453 551 2499 ε
571 2429 704 2521 supplex
722 2449 754 2537 et
772 2451 910 2499 cernuus
928 2450 999 2499 oras
1020 2452 1028 2496 ε

258 2570 359 2661 Inque
378 2568 530 2643 humeros
550 2590 644 2661 caput
662 2570 826 2660 obstipum
843 2570 997 2644 inclinare
1014 2548 1146 2660 peritus,

257 2710 422 2780 Murmura
436 2711 646 2801 praeproperis
664 2708 786 2800 profers
804 2709 990 2800 crepitantia
1010 2707 1104 2783 labris
1125 2733 1132 2776 :

257 2850 297 2922 Et
313 2852 416 2941 gemis
433 2870 465 2921 et
482 2850 605 2941 plangis
627 2875 635 2919 :
659 2849 780 2941 palmas
799 2849 838 2942 ad
857 2849 960 2920 sidera
977 2848 1063 2920 tollis
1084 2875 1092 2918 ι

259 2992 350 3084 Saepe
368 2991 442 3062 feris
460 3010 570 3083 pectus
593 3019 601 3061 ε
622 2992 798 3083 lachrymas
818 2992 937 3078 emittis
954 2995 1064 3063 inanes
1086 3017 1093 3059 :

258 3128 297 3197 Et
315 3126 451 3198 conficta
469 3126 557 3198 vafro
583 3129 716 3217 suspiria
735 3148 863 3218 pectore
885 3127 973 3199 ducis
995 3149 1002 3196 :

256 3247 404 3354 Denique
421 3281 566 3333 versutos
585 3285 737 3363 personas
759 3264 866 3336 induis
881 3287 1010 3349 ornnes,

257 3400 301 3471 Ut
317 3398 443 3470 videare
462 3400 544 3489 pius,
567 3411 668 3489 quum
686 3423 798 3492 pergas
820 3401 938 3491 impius
956 3423 1037 3471 esse.

256 3535 360 3606 Fallax
378 3559 412 3606 es
431 3535 554 3626 vulpes,
576 3555 609 3607 et
627 3539 719 3607 simia
736 3537 913 3628 relligionis
932 3560 939 3606 ε

257 3671 344 3742 Pelle
362 3672 456 3762 lupus
473 3671 532 3742 sub
552 3674 648 3744 ovina
666 3671 790 3759 avidus,
811 3672 1035 3765 pecudumque
1053 3691 1185 3743 vorator
1206 3697 1214 3741 ι

257 3810 363 3902 Atque
382 3809 544 3883 dealbatus
562 3816 678 3903 paries.
700 3813 791 3896 Quid
809 3837 987 3905 prosequor
1004 3813 1111 3885 ultra?

260 3946 314 4017 Est
332 3969 495 4038 perspecta
513 3951 585 4021 Deo
603 3971 656 4022 tua
676 3975 780 4039 mens,
802 3953 921 4044 lingua,
941 3955 1037 4039 actio,
1061 3953 1144 4037 vita;

260 4085 371 4168 Quem
389 4089 463 4177 quia
482 4111 576 4178 posse
596 4111 686 4180 putas
709 4092 786 4175 falli,
806 4113 841 4163 tu
859 4092 974 4164 falleris
989 4095 1069 4184 ipse.

689 4345 857 4364 ..ιι-...η
