3038 5204
636 591 812 665 -ne—

393 771 475 844 Viva
493 775 539 844 nil
558 774 681 846 confert
699 774 776 847 boni
786 803 797 861 ;
819 798 850 849 at
869 781 1061 871 interempta

392 912 486 982 Pellis
505 932 537 984 et
553 916 693 1005 sanguis,
713 917 800 1005 jecur
819 937 850 988 et
868 917 1046 1004 cerebrum,

392 1053 527 1144 Lingua,
547 1047 644 1144 adeps
663 1072 694 1125 et
712 1052 756 1124 fel
774 1057 879 1126 varios
895 1054 1039 1129 feruntur

786 1193 918 1266 Tollere
941 1196 1085 1268 morbos.

552 1439 642 1507 Fuus
658 1438 724 1507 sive
741 1436 896 1508 AEuuuus.

391 1649 518 1720 AElurus
537 1670 585 1722 est
603 1652 710 1738 velox,
730 1652 792 1723 levi
812 1673 908 1746 atque
925 1649 1024 1723 flexili

479 1788 586 1859 Currit
603 1789 738 1881 salitque
757 1814 904 1881 corpore.

392 1928 431 1996 Et
448 1926 595 1998 dentibus
613 1927 758 2013 mordax,
781 1949 813 1999 et
830 1928 992 2021 unguibus
1011 1952 1105 2020 rapax

478 2067 597 2137 Leonis
614 2069 712 2138 instat
730 2092 764 2139 se
782 2071 876 2159 gerit.

390 2204 514 2277 Ardens
533 2207 641 2278 ocellis
659 2226 754 2279 nocte
773 2208 864 2298 nigra
881 2207 982 2278 caesiis

477 2346 602 2417 Merum
621 2347 736 2418 incutit
753 2345 926 2419 tuentibus.

391 2482 482 2554 Clare
500 2470 703 2570 intenebris,
726 2506 761 2556 ut
779 2484 831 2555 die
850 2481 993 2575 pulchra,
1013 2480 1118 2569 videt;

478 2622 685 2715 Praedamque
703 2625 805 2695 visam
826 2623 975 2693 ocissime

392 2759 479 2831 Saltu
496 2762 573 2846 cito,
596 2760 762 2832 silentibus
778 2762 920 2852 vestigiis

479 2899 653 2985 Praevertit,
676 2921 779 2991 urget,
800 2902 938 2990 impetit.

391 3036 513 3122 Mures,
534 3062 618 3125 aves,
640 3040 807 3130 piscesque
824 3056 969 3121 venatur,
990 3036 1099 3108 cibum

478 3174 539 3244 Ori
556 3199 615 3245 suo
637 3175 864 3265 gratissimum.

392 3311 510 3402 Captos
529 3313 661 3405 quidem
680 3340 787 3385 mutes
806 3318 976 3386 amoeniter
995 3312 1083 3385 brevi

482 3455 568 3523 Lusu
587 3453 700 3525 doloso
720 3454 815 3525 afficit
836 3475 844 3524 ε

391 3590 477 3662 Lusu
495 3610 635 3682 peracto,
657 3591 702 3660 nil
720 3612 874 3677 moratus,
894 3590 1055 3683 unguibus

477 3732 630 3818 Inuncat3
652 3752 780 3819 enecat;
801 3751 903 3804 votat.

391 3870 545 3961 Exempto
555 3868 725 3962 postquam
739 3874 802 3961 jam
814 3871 926 3956 fames,
941 3868 1063 3957 lambit,
1077 3868 1171 3956 lavat,

481 4011 598 4095 Ornat,
618 4010 698 4101 polit
717 4011 845 4101 pellem,
860 4011 942 4102 pilos
949 4035 962 4098 3

392 4147 586 4238 Ventrisque
604 4173 686 4219 onus
705 4169 785 4219 terra
804 4148 922 4234 obruit,
937 4145 1069 4240 nequid
1086 4146 1164 4216 mali

481 4287 575 4357 Odor
594 4291 725 4358 nocivus
746 4287 875 4358 adferat.
