<?xml version="1.0" encoding="UTF-8"?>
<!DOCTYPE html PUBLIC "-//W3C//DTD XHTML 1.0 Transitional//EN"
    "http://www.w3.org/TR/xhtml1/DTD/xhtml1-transitional.dtd">
<html xmlns="http://www.w3.org/1999/xhtml" xml:lang="en" lang="en">
 <head>
  <title>
</title>
<meta http-equiv="Content-Type" content="text/html;charset=utf-8" />
  <meta name='ocr-system' content='tesseract 3.04.00' />
  <meta name='ocr-capabilities' content='ocr_page ocr_carea ocr_par ocr_line ocrx_word'/>
</head>
<body>
  <div class='ocr_page' id='page_1' title='image "./kilianuslatijns00kielgoog_0175.png"; bbox 0 0 3038 5204; ppageno 0'>
   <div class='ocr_carea' id='block_1_1' title="bbox 744 513 943 581">
    <p class='ocr_par' dir='ltr' id='par_1_1' title="bbox 744 513 943 581">
     <span class='ocr_line' id='line_1_1' title="bbox 744 513 943 581; baseline 0.01 -2"><span class='ocrx_word' id='word_1_1' title='bbox 744 513 943 581; x_wconf 80' lang='lat'>-128-</span> 
     </span>
    </p>
   </div>
   <div class='ocr_carea' id='block_1_2' title="bbox 390 781 1305 865">
    <p class='ocr_par' dir='ltr' id='par_1_2' title="bbox 390 781 1305 865">
     <span class='ocr_line' id='line_1_2' title="bbox 390 781 1305 865; baseline -0.002 -10"><span class='ocrx_word' id='word_1_2' title='bbox 390 781 597 865; x_wconf 86' lang='lat' dir='ltr'><strong>QUINQUE</strong></span> <span class='ocrx_word' id='word_1_3' title='bbox 620 781 779 854; x_wconf 85' lang='lat' dir='ltr'><strong>SENSUS</strong></span> <span class='ocrx_word' id='word_1_4' title='bbox 802 782 1009 863; x_wconf 86' lang='lat' dir='ltr'><strong>QUINQUE</strong></span> <span class='ocrx_word' id='word_1_5' title='bbox 1032 781 1305 853; x_wconf 82' lang='lat' dir='ltr'><strong>ANIMALIBUS</strong></span> 
     </span>
    </p>
   </div>
   <div class='ocr_carea' id='block_1_3' title="bbox 518 970 1169 1040">
    <p class='ocr_par' dir='ltr' id='par_1_3' title="bbox 518 970 1169 1040">
     <span class='ocr_line' id='line_1_3' title="bbox 518 970 1169 1040; baseline 0 -10"><span class='ocrx_word' id='word_1_6' title='bbox 518 972 728 1040; x_wconf 79' lang='lat' dir='ltr'><strong>ATTRIBUTI,</strong></span> <span class='ocrx_word' id='word_1_7' title='bbox 749 970 797 1029; x_wconf 82' lang='lat' dir='ltr'>ET</span> <span class='ocrx_word' id='word_1_8' title='bbox 815 973 871 1032; x_wconf 83' lang='lat' dir='ltr'>PIE</span> <span class='ocrx_word' id='word_1_9' title='bbox 888 972 1169 1034; x_wconf 78' lang='lat' dir='ltr'><strong>INTERPRETATI.</strong></span> 
     </span>
    </p>
   </div>
   <div class='ocr_carea' id='block_1_4' title="bbox 791 1176 900 1246">
    <p class='ocr_par' dir='ltr' id='par_1_4' title="bbox 791 1176 900 1246">
     <span class='ocr_line' id='line_1_4' title="bbox 791 1176 900 1246; baseline -0.009 0"><span class='ocrx_word' id='word_1_10' title='bbox 791 1176 900 1246; x_wconf 76' lang='lat' dir='ltr'>Visus.</span> 
     </span>
    </p>
   </div>
   <div class='ocr_carea' id='block_1_5' title="bbox 334 1361 1174 1859">
    <p class='ocr_par' dir='ltr' id='par_1_5' title="bbox 334 1361 1174 1859">
     <span class='ocr_line' id='line_1_5' title="bbox 336 1361 1099 1455; baseline 0 -21"><span class='ocrx_word' id='word_1_11' title='bbox 336 1361 415 1435; x_wconf 90' lang='lat' dir='ltr'>Visn</span> <span class='ocrx_word' id='word_1_12' title='bbox 434 1361 538 1455; x_wconf 79' lang='lat' dir='ltr'>aquila</span> <span class='ocrx_word' id='word_1_13' title='bbox 556 1361 691 1448; x_wconf 81' lang='lat' dir='ltr'>excellit,</span> <span class='ocrx_word' id='word_1_14' title='bbox 713 1362 789 1434; x_wconf 88' lang='lat' dir='ltr'>solis</span> <span class='ocrx_word' id='word_1_15' title='bbox 806 1363 960 1434; x_wconf 82' lang='lat' dir='ltr'>radiantia</span> <span class='ocrx_word' id='word_1_16' title='bbox 979 1382 1099 1454; x_wconf 85' lang='lat' dir='ltr'>spectat</span> 
     </span>
     <span class='ocr_line' id='line_1_6' title="bbox 421 1492 1099 1585; baseline 0.003 -22"><span class='ocrx_word' id='word_1_17' title='bbox 421 1494 570 1578; x_wconf 83' lang='lat' dir='ltr'>Lumina,</span> <span class='ocrx_word' id='word_1_18' title='bbox 591 1513 623 1563; x_wconf 90' lang='lat' dir='ltr'>et</span> <span class='ocrx_word' id='word_1_19' title='bbox 641 1492 748 1563; x_wconf 90' lang='lat' dir='ltr'>illaesis</span> <span class='ocrx_word' id='word_1_20' title='bbox 766 1492 888 1585; x_wconf 84' lang='lat' dir='ltr'>fulgura</span> <span class='ocrx_word' id='word_1_21' title='bbox 909 1493 968 1564; x_wconf 85' lang='lat' dir='ltr'>fert</span> <span class='ocrx_word' id='word_1_22' title='bbox 986 1497 1099 1565; x_wconf 90' lang='lat' dir='ltr'>oculis.</span> 
     </span>
     <span class='ocr_line' id='line_1_7' title="bbox 334 1629 1174 1723; baseline -0.005 -18"><span class='ocrx_word' id='word_1_23' title='bbox 334 1633 405 1706; x_wconf 92' lang='lat' dir='ltr'>Nos</span> <span class='ocrx_word' id='word_1_24' title='bbox 422 1629 518 1702; x_wconf 89' lang='lat' dir='ltr'>oculo</span> <span class='ocrx_word' id='word_1_25' title='bbox 535 1631 653 1710; x_wconf 90' lang='lat' dir='ltr'>mentis</span> <span class='ocrx_word' id='word_1_26' title='bbox 670 1630 780 1701; x_wconf 90' lang='lat' dir='ltr'>lumen</span> <span class='ocrx_word' id='word_1_27' title='bbox 799 1631 1000 1722; x_wconf 87' lang='lat' dir='ltr'>speculemur</span> <span class='ocrx_word' id='word_1_28' title='bbox 1018 1631 1174 1723; x_wconf 87' lang='lat' dir='ltr'><strong>Olympi:</strong></span> 
     </span>
     <span class='ocr_line' id='line_1_8' title="bbox 421 1767 1069 1859; baseline -0.002 -20"><span class='ocrx_word' id='word_1_29' title='bbox 421 1770 506 1841; x_wconf 89' lang='lat' dir='ltr'>Luce</span> <span class='ocrx_word' id='word_1_30' title='bbox 524 1769 586 1839; x_wconf 89' lang='lat' dir='ltr'>Dei</span> <span class='ocrx_word' id='word_1_31' title='bbox 605 1789 711 1839; x_wconf 84' lang='lat' dir='ltr'>exorta</span> <span class='ocrx_word' id='word_1_32' title='bbox 730 1767 896 1859; x_wconf 85' lang='lat' dir='ltr'>diffugiant</span> <span class='ocrx_word' id='word_1_33' title='bbox 920 1768 1069 1839; x_wconf 90' lang='lat' dir='ltr'>tenebrae.</span> 
     </span>
    </p>
   </div>
   <div class='ocr_carea' id='block_1_6' title="bbox 762 1986 922 2054">
    <p class='ocr_par' dir='ltr' id='par_1_6' title="bbox 762 1986 922 2054">
     <span class='ocr_line' id='line_1_9' title="bbox 762 1986 922 2054; baseline 0.013 -2"><span class='ocrx_word' id='word_1_34' title='bbox 762 1986 922 2054; x_wconf 74' lang='lat' dir='ltr'>Anonos</span> 
     </span>
    </p>
   </div>
   <div class='ocr_carea' id='block_1_7' title="bbox 332 2171 1239 2678">
    <p class='ocr_par' dir='ltr' id='par_1_7' title="bbox 332 2171 1059 2383">
     <span class='ocr_line' id='line_1_10' title="bbox 332 2171 993 2256; baseline -0.002 -14"><span class='ocrx_word' id='word_1_35' title='bbox 332 2172 470 2243; x_wconf 82' lang='lat' dir='ltr'>Auribus</span> <span class='ocrx_word' id='word_1_36' title='bbox 487 2173 599 2242; x_wconf 88' lang='lat' dir='ltr'>crectis</span> <span class='ocrx_word' id='word_1_37' title='bbox 618 2171 739 2242; x_wconf 85' lang='lat' dir='ltr'>Audito</span> <span class='ocrx_word' id='word_1_38' title='bbox 758 2194 870 2241; x_wconf 89' lang='lat' dir='ltr'>cervus</span> <span class='ocrx_word' id='word_1_39' title='bbox 889 2193 993 2256; x_wconf 85' lang='lat' dir='ltr'>acut0,</span> 
     </span>
     <span class='ocr_line' id='line_1_11' title="bbox 421 2311 1059 2383; baseline 0 -1"><span class='ocrx_word' id='word_1_40' title='bbox 421 2312 553 2382; x_wconf 85' lang='lat' dir='ltr'>Naturae</span> <span class='ocrx_word' id='word_1_41' title='bbox 571 2333 688 2380; x_wconf 91' lang='lat' dir='ltr'>munus</span> <span class='ocrx_word' id='word_1_42' title='bbox 706 2312 936 2382; x_wconf 89' lang='lat' dir='ltr'>convenienter</span> <span class='ocrx_word' id='word_1_43' title='bbox 953 2311 1059 2383; x_wconf 83' lang='lat' dir='ltr'>habet.</span> 
     </span>
    </p>

    <p class='ocr_par' dir='ltr' id='par_1_8' title="bbox 334 2444 1239 2678">
     <span class='ocr_line' id='line_1_12' title="bbox 334 2444 1234 2535; baseline 0 -15"><span class='ocrx_word' id='word_1_44' title='bbox 334 2449 460 2520; x_wconf 85' lang='lat' dir='ltr'>Divinis</span> <span class='ocrx_word' id='word_1_45' title='bbox 479 2447 580 2518; x_wconf 89' lang='lat' dir='ltr'>homo</span> <span class='ocrx_word' id='word_1_46' title='bbox 599 2450 643 2518; x_wconf 90' lang='lat' dir='ltr'>sic</span> <span class='ocrx_word' id='word_1_47' title='bbox 661 2447 801 2520; x_wconf 86' lang='lat' dir='ltr'>modulis</span> <span class='ocrx_word' id='word_1_48' title='bbox 820 2448 1043 2520; x_wconf 84' lang='lat' dir='ltr'>accommodet</span> <span class='ocrx_word' id='word_1_49' title='bbox 1062 2472 1165 2535; x_wconf 89' lang='lat' dir='ltr'>aures,</span> <span class='ocrx_word' id='word_1_50' title='bbox 1231 2444 1234 2457; x_wconf 51' lang='lat'><em>¹</em></span> 
     </span>
     <span class='ocr_line' id='line_1_13' title="bbox 420 2583 1239 2678; baseline 0.001 -22"><span class='ocrx_word' id='word_1_51' title='bbox 420 2587 464 2657; x_wconf 94' lang='lat' dir='ltr'>Ut</span> <span class='ocrx_word' id='word_1_52' title='bbox 483 2605 603 2657; x_wconf 89' lang='lat' dir='ltr'>recreet</span> <span class='ocrx_word' id='word_1_53' title='bbox 620 2583 723 2656; x_wconf 89' lang='lat' dir='ltr'>verbis</span> <span class='ocrx_word' id='word_1_54' title='bbox 742 2606 884 2658; x_wconf 86' lang='lat' dir='ltr'>mentem</span> <span class='ocrx_word' id='word_1_55' title='bbox 903 2588 1111 2678; x_wconf 84' lang='lat' dir='ltr'>animumque</span> <span class='ocrx_word' id='word_1_56' title='bbox 1130 2591 1239 2658; x_wconf 87' lang='lat' dir='ltr'>sacris.</span> 
     </span>
    </p>
   </div>
   <div class='ocr_carea' id='block_1_8' title="bbox 765 2805 911 2876">
    <p class='ocr_par' dir='ltr' id='par_1_9' title="bbox 765 2805 911 2876">
     <span class='ocr_line' id='line_1_14' title="bbox 765 2805 911 2876; baseline 0.007 -4"><span class='ocrx_word' id='word_1_57' title='bbox 765 2805 911 2876; x_wconf 73' lang='lat' dir='ltr'>Trerus.</span> 
     </span>
    </p>
   </div>
   <div class='ocr_carea' id='block_1_9' title="bbox 332 2994 1096 3087">
    <p class='ocr_par' dir='ltr' id='par_1_10' title="bbox 332 2994 1096 3087">
     <span class='ocr_line' id='line_1_15' title="bbox 332 2994 1096 3087; baseline -0.001 -22"><span class='ocrx_word' id='word_1_58' title='bbox 332 2995 504 3067; x_wconf 90' lang='lat' dir='ltr'>Pertenues</span> <span class='ocrx_word' id='word_1_59' title='bbox 521 2996 624 3067; x_wconf 81' lang='lat' dir='ltr'>Tactu</span> <span class='ocrx_word' id='word_1_60' title='bbox 644 3019 715 3087; x_wconf 86' lang='lat' dir='ltr'>quae</span> <span class='ocrx_word' id='word_1_61' title='bbox 734 2997 833 3067; x_wconf 90' lang='lat' dir='ltr'>nectit</span> <span class='ocrx_word' id='word_1_62' title='bbox 851 3017 963 3065; x_wconf 85' lang='lat' dir='ltr'>aranea</span> <span class='ocrx_word' id='word_1_63' title='bbox 982 2994 1071 3078; x_wconf 82' lang='lat' dir='ltr'>telas,</span> <span class='ocrx_word' id='word_1_64' title='bbox 1094 3026 1096 3031; x_wconf 94' lang='lat'>·</span> 
     </span>
    </p>
   </div>
   <div class='ocr_carea' id='block_1_10' title="bbox 332 3130 1333 3501">
    <p class='ocr_par' dir='ltr' id='par_1_11' title="bbox 332 3130 1333 3501">
     <span class='ocr_line' id='line_1_16' title="bbox 419 3130 1136 3228; baseline -0.007 -24"><span class='ocrx_word' id='word_1_65' title='bbox 419 3135 524 3228; x_wconf 86' lang='lat' dir='ltr'>Nocte</span> <span class='ocrx_word' id='word_1_66' title='bbox 545 3134 661 3226; x_wconf 89' lang='lat' dir='ltr'>dieque</span> <span class='ocrx_word' id='word_1_67' title='bbox 679 3157 773 3206; x_wconf 91' lang='lat' dir='ltr'>suum</span> <span class='ocrx_word' id='word_1_68' title='bbox 790 3130 929 3225; x_wconf 83' lang='lat' dir='ltr'>pendula</span> <span class='ocrx_word' id='word_1_69' title='bbox 947 3133 1025 3203; x_wconf 82' lang='lat' dir='ltr'>texit</span> <span class='ocrx_word' id='word_1_70' title='bbox 1043 3153 1136 3222; x_wconf 90' lang='lat' dir='ltr'>opus.</span> 
     </span>
     <span class='ocr_line' id='line_1_17' title="bbox 332 3251 1333 3364; baseline -0.008 -19"><span class='ocrx_word' id='word_1_71' title='bbox 332 3272 417 3356; x_wconf 88' lang='lat' dir='ltr'>Quae</span> <span class='ocrx_word' id='word_1_72' title='bbox 435 3292 520 3346; x_wconf 86' lang='lat' dir='ltr'>tactu</span> <span class='ocrx_word' id='word_1_73' title='bbox 539 3271 636 3359; x_wconf 87' lang='lat' dir='ltr'>bona,</span> <span class='ocrx_word' id='word_1_74' title='bbox 658 3297 730 3364; x_wconf 92' lang='lat' dir='ltr'>quae</span> <span class='ocrx_word' id='word_1_75' title='bbox 746 3291 831 3344; x_wconf 86' lang='lat' dir='ltr'>tactu</span> <span class='ocrx_word' id='word_1_76' title='bbox 849 3270 926 3342; x_wconf 78' lang='lat' dir='ltr'>finnt</span> <span class='ocrx_word' id='word_1_77' title='bbox 948 3268 1031 3341; x_wconf 84' lang='lat' dir='ltr'>maia</span> <span class='ocrx_word' id='word_1_78' title='bbox 1048 3269 1157 3339; x_wconf 89' lang='lat' dir='ltr'>norint</span> <span class='ocrx_word' id='word_1_79' title='bbox 1200 3260 1202 3263; x_wconf 61' lang='grc'><strong>’</strong></span> <span class='ocrx_word' id='word_1_80' title='bbox 1248 3251 1250 3254; x_wconf 31' lang='lat'><strong>⁴</strong></span> <span class='ocrx_word' id='word_1_81' title='bbox 1331 3259 1333 3262; x_wconf 38' lang='lat'><strong>⁴</strong></span> 
     </span>
     <span class='ocr_line' id='line_1_18' title="bbox 417 3407 1139 3501; baseline -0.006 -19"><span class='ocrx_word' id='word_1_82' title='bbox 417 3407 484 3494; x_wconf 88' lang='lat' dir='ltr'>Qui</span> <span class='ocrx_word' id='word_1_83' title='bbox 503 3411 623 3483; x_wconf 81' lang='lat' dir='ltr'>faciunt</span> <span class='ocrx_word' id='word_1_84' title='bbox 643 3436 651 3480; x_wconf 75' lang='grc' dir='ltr'><strong>ε</strong></span> <span class='ocrx_word' id='word_1_85' title='bbox 672 3409 791 3483; x_wconf 83' lang='lat' dir='ltr'>factum</span> <span class='ocrx_word' id='word_1_86' title='bbox 809 3408 928 3501; x_wconf 86' lang='lat' dir='ltr'>judic&#39;et</span> <span class='ocrx_word' id='word_1_87' title='bbox 945 3408 1014 3498; x_wconf 89' lang='lat' dir='ltr'>ipse</span> <span class='ocrx_word' id='word_1_88' title='bbox 1037 3408 1139 3486; x_wconf 82' lang='lat' dir='ltr'>Deus.</span> 
     </span>
    </p>
   </div>
   <div class='ocr_carea' id='block_1_11' title="bbox 772 3629 916 3698">
    <p class='ocr_par' dir='ltr' id='par_1_12' title="bbox 772 3629 916 3698">
     <span class='ocr_line' id='line_1_19' title="bbox 772 3629 916 3698; baseline -0.028 0"><span class='ocrx_word' id='word_1_89' title='bbox 772 3629 916 3698; x_wconf 75' lang='lat' dir='ltr'>Gustus.</span> 
     </span>
    </p>
   </div>
   <div class='ocr_carea' id='block_1_12' title="bbox 333 3813 1201 4323">
    <p class='ocr_par' dir='ltr' id='par_1_13' title="bbox 333 3813 1201 4323">
     <span class='ocr_line' id='line_1_20' title="bbox 333 3813 1055 3910; baseline -0.007 -21"><span class='ocrx_word' id='word_1_90' title='bbox 333 3813 452 3891; x_wconf 86' lang='lat' dir='ltr'>Simius</span> <span class='ocrx_word' id='word_1_91' title='bbox 470 3821 588 3891; x_wconf 87' lang='lat' dir='ltr'>eximio</span> <span class='ocrx_word' id='word_1_92' title='bbox 606 3840 723 3910; x_wconf 82' lang='lat' dir='ltr'>gnatus</span> <span class='ocrx_word' id='word_1_93' title='bbox 734 3816 921 3889; x_wconf 88' lang='lat' dir='ltr'>&#39;discernere</span> <span class='ocrx_word' id='word_1_94' title='bbox 940 3817 1055 3900; x_wconf 87' lang='lat' dir='ltr'>Gustu,</span> 
     </span>
     <span class='ocr_line' id='line_1_21' title="bbox 419 3958 1092 4050; baseline -0.01 -20"><span class='ocrx_word' id='word_1_95' title='bbox 419 3958 534 4050; x_wconf 84' lang='lat' dir='ltr'>Rejicit</span> <span class='ocrx_word' id='word_1_96' title='bbox 552 3958 685 4050; x_wconf 82' lang='lat' dir='ltr'>ingrata,</span> <span class='ocrx_word' id='word_1_97' title='bbox 707 3977 739 4029; x_wconf 90' lang='lat' dir='ltr'>et</span> <span class='ocrx_word' id='word_1_98' title='bbox 754 3975 842 4049; x_wconf 83' lang='lat' dir='ltr'>grata</span> <span class='ocrx_word' id='word_1_99' title='bbox 861 3978 973 4048; x_wconf 86' lang='lat' dir='ltr'>sapore</span> <span class='ocrx_word' id='word_1_100' title='bbox 991 3973 1092 4027; x_wconf 89' lang='lat' dir='ltr'>tenet.</span> 
     </span>
     <span class='ocr_line' id='line_1_22' title="bbox 333 4087 1201 4186; baseline -0.008 -20"><span class='ocrx_word' id='word_1_101' title='bbox 333 4093 442 4176; x_wconf 82' lang='lat' dir='ltr'>Quam</span> <span class='ocrx_word' id='word_1_102' title='bbox 460 4098 565 4167; x_wconf 88' lang='lat' dir='ltr'>suavis</span> <span class='ocrx_word' id='word_1_103' title='bbox 583 4096 743 4166; x_wconf 89' lang='lat' dir='ltr'>Dominus</span> <span class='ocrx_word' id='word_1_104' title='bbox 761 4098 813 4180; x_wconf 90' lang='lat' dir='ltr'>sir,</span> <span class='ocrx_word' id='word_1_105' title='bbox 836 4117 933 4186; x_wconf 86' lang='lat' dir='ltr'>quam</span> <span class='ocrx_word' id='word_1_106' title='bbox 955 4093 1098 4164; x_wconf 90' lang='lat' dir='ltr'>coelestia</span> <span class='ocrx_word' id='word_1_107' title='bbox 1116 4087 1201 4162; x_wconf 89' lang='lat' dir='ltr'>dulci</span> 
     </span>
     <span class='ocr_line' id='line_1_23' title="bbox 420 4231 1058 4323; baseline -0.005 -21"><span class='ocrx_word' id='word_1_108' title='bbox 420 4234 587 4305; x_wconf 90' lang='lat' dir='ltr'>Delectent</span> <span class='ocrx_word' id='word_1_109' title='bbox 604 4253 710 4323; x_wconf 83' lang='lat' dir='ltr'>gustu,</span> <span class='ocrx_word' id='word_1_110' title='bbox 731 4257 780 4303; x_wconf 90' lang='lat' dir='ltr'>res</span> <span class='ocrx_word' id='word_1_111' title='bbox 799 4231 965 4303; x_wconf 84' lang='lat' dir='ltr'>manifesta</span> <span class='ocrx_word' id='word_1_112' title='bbox 984 4232 1058 4320; x_wconf 88' lang='lat' dir='ltr'>piis.</span> 
     </span>
    </p>
   </div>
   <div class='ocr_carea' id='block_1_13' title="bbox 0 0 1524 5204">
    <p class='ocr_par' dir='ltr' id='par_1_14' title="bbox 0 0 1524 5204">
     <span class='ocr_line' id='line_1_24' title="bbox 0 0 1524 5204; baseline 0 1"><span class='ocrx_word' id='word_1_113' title='bbox 0 0 1524 5204; x_wconf 95' lang='lat' dir='ltr'> </span> 
     </span>
    </p>
   </div>
  </div>
 </body>
</html>
