3038 5204
453 689 641 771 Paruum,
663 686 806 769 Pennus,
827 685 1032 752 Lnosunuus.

321 871 477 940 Panthera
494 868 672 939 Pardalisve
690 893 766 938 sexu
784 868 928 952 foemina,

323 1008 504 1099 Pardusque
522 1032 602 1093 mas,
624 1026 740 1077 statura
757 1027 890 1097 uterque
908 1008 1049 1096 corporis

322 1148 399 1214 Non
418 1145 522 1228 altior,
544 1142 600 1213 sed
618 1143 745 1234 longior
763 1142 894 1234 quidem
913 1166 1004 1226 cane,

280 1266 281 1269 Ἴ
322 1283 430 1353 Felem
448 1302 556 1353 tamen
575 1283 687 1372 magis,
709 1283 816 1350 minus
835 1304 948 1351 canem
966 1279 1071 1356 refert.

324 1423 456 1512 Ungues
475 1418 655 1535 aduncitate
673 1419 769 1490 habet
786 1418 1002 1510 perhorridos.

324 1563 368 1631 At
384 1559 532 1651 pardalis,
553 1584 649 1650 quam
666 1558 792 1650 pardus,
814 1579 861 1629 est
879 1560 1027 1631 ferocior.

324 1694 376 1796 Ad
394 1699 583 1788 sanguinem
601 1719 753 1788 praeceps,
775 1700 868 1788 rapit,
887 1716 979 1770 vorat
995 1697 1088 1780 feras,

324 1837 448 1926 Easque
463 1837 547 1906 saltu
566 1837 726 1926 intercipit
744 1835 923 1920 celerrimo,

324 1974 511 2044 Velocitatis
526 1993 637 2071 tantae,
658 1998 731 2043 aves
750 1994 786 2043 ut
804 1974 936 2045 involet.

326 2110 437 2181 Odore
455 2111 693 2201 pellisnaribus
710 2115 903 2203 gratissim0,

326 2251 469 2341 Visuque
488 2251 622 2320 maculis
639 2223 784 2341 plurimis
803 2250 965 2341 spectabili

325 2393 440 2461 lnvitat
457 2389 616 2481 allicitque
635 2409 772 2481 agrestes
791 2389 919 2475 bestiaS,

325 2531 404 2599 Mox
424 2527 556 2599 subdole
575 2528 763 2621 occulteque
783 2554 913 2620 prensas
932 2530 1073 2600 devorat.

258 2677 261 2682 '
324 2667 466 2738 Fallaciis
485 2690 626 2758 persaepe
645 2669 752 2736 simias
772 2671 873 2758 capit;
1046 2649 1048 2654 ⁵

326 2808 392 2875 Has
410 2803 555 2903 dentium
573 2805 793 2895 unguiumque
811 2828 966 2874 mucrone
983 2823 1105 2888 enecat,

326 2945 365 3014 Et
383 2941 532 3012 delicatas
550 2941 624 3012 inde
642 2943 772 3014 conficit
792 2941 901 3034 dapes.

413 3078 598 3169 Leopardus
615 3078 759 3170 ejusdem
777 3105 905 3171 quoque
925 3105 994 3150 esse
1014 3081 1158 3171 originis,
1197 3105 1202 3113 ·

326 3221 502 3309 Prognatus
521 3242 560 3287 ex
578 3217 676 3309 pardo
696 3239 727 3289 et
745 3220 846 3289 leaena
864 3218 989 3289 dicitur.

326 3355 425 3423 Alunt
444 3357 652 3446 propaginem
670 3339 752 3427 hanc
769 3357 960 3427 lerissimam
978 3357 1093 3440 Africa,

327 3494 498 3585 Terraeque
516 3493 624 3564 multis
643 3493 771 3566 fervidae
789 3494 956 3566 caloribus.

701 3718 775 3786 Sus.

327 3889 387 3957 Sus
405 3887 560 3977 hispidus,
582 3887 703 3973 brutus,
724 3889 792 3960 luto
816 3910 909 3982 atque
929 3911 1078 3976 stercore,

326 4031 416 4113 Ficu,
437 4031 520 4119 piro,
540 4028 667 4120 glande,
687 4029 821 4116 hordeo,
846 4030 1014 4116 radicibus,

325 4168 418 4253 Faba,
438 4168 572 4260 rudique
590 4169 746 4239 furfurum
763 4168 880 4260 gaudet
897 4168 981 4240 cibo.
