<?xml version="1.0" encoding="UTF-8"?>
<!DOCTYPE html PUBLIC "-//W3C//DTD XHTML 1.0 Transitional//EN"
    "http://www.w3.org/TR/xhtml1/DTD/xhtml1-transitional.dtd">
<html xmlns="http://www.w3.org/1999/xhtml" xml:lang="en" lang="en">
 <head>
  <title>
</title>
<meta http-equiv="Content-Type" content="text/html;charset=utf-8" />
  <meta name='ocr-system' content='tesseract 3.04.00' />
  <meta name='ocr-capabilities' content='ocr_page ocr_carea ocr_par ocr_line ocrx_word'/>
</head>
<body>
  <div class='ocr_page' id='page_1' title='image "./kilianuslatijns00kielgoog_0078.png"; bbox 0 0 3038 5204; ppageno 0'>
   <div class='ocr_carea' id='block_1_1' title="bbox 682 586 858 652">
    <p class='ocr_par' dir='ltr' id='par_1_1' title="bbox 682 586 858 652">
     <span class='ocr_line' id='line_1_1' title="bbox 682 586 858 652; baseline 0 -37"><span class='ocrx_word' id='word_1_1' title='bbox 682 586 858 652; x_wconf 68' lang='lat'>..31-</span> 
     </span>
    </p>
   </div>
   <div class='ocr_carea' id='block_1_2' title="bbox 257 766 1276 858">
    <p class='ocr_par' dir='ltr' id='par_1_2' title="bbox 257 766 1276 858">
     <span class='ocr_line' id='line_1_2' title="bbox 257 766 1276 858; baseline -0.002 -19"><span class='ocrx_word' id='word_1_2' title='bbox 257 772 341 850; x_wconf 85' lang='lat' dir='ltr'><strong>Quae</strong></span> <span class='ocrx_word' id='word_1_3' title='bbox 359 769 457 839; x_wconf 90' lang='lat' dir='ltr'><strong>cubiti</strong></span> <span class='ocrx_word' id='word_1_4' title='bbox 477 788 625 858; x_wconf 88' lang='lat' dir='ltr'><strong>superant</strong></span> <span class='ocrx_word' id='word_1_5' title='bbox 637 792 831 853; x_wconf 83' lang='lat' dir='ltr'><strong>mensuram,</strong></span> <span class='ocrx_word' id='word_1_6' title='bbox 846 766 952 852; x_wconf 84' lang='lat' dir='ltr'><strong>habet3</strong></span> <span class='ocrx_word' id='word_1_7' title='bbox 967 766 1035 835; x_wconf 91' lang='lat' dir='ltr'><strong>haec</strong></span> <span class='ocrx_word' id='word_1_8' title='bbox 1048 787 1168 852; x_wconf 85' lang='lat' dir='ltr'><strong>movet3</strong></span> <span class='ocrx_word' id='word_1_9' title='bbox 1183 767 1232 836; x_wconf 92' lang='lat' dir='ltr'><strong>his</strong></span> <span class='ocrx_word' id='word_1_10' title='bbox 1243 790 1276 837; x_wconf 89' lang='lat' dir='ltr'><strong>se</strong></span> 
     </span>
    </p>
   </div>
   <div class='ocr_carea' id='block_1_3' title="bbox 192 904 1092 1140">
    <p class='ocr_par' dir='ltr' id='par_1_3' title="bbox 192 904 1092 1140">
     <span class='ocr_line' id='line_1_3' title="bbox 192 904 1092 999; baseline -0.004 -22"><span class='ocrx_word' id='word_1_11' title='bbox 192 984 194 989; x_wconf 56' lang='grc'><strong>,</strong></span> <span class='ocrx_word' id='word_1_12' title='bbox 256 909 397 978; x_wconf 87' lang='lat' dir='ltr'><strong>Deflexis</strong></span> <span class='ocrx_word' id='word_1_13' title='bbox 415 929 537 998; x_wconf 84' lang='lat' dir='ltr'><strong>partem</strong></span> <span class='ocrx_word' id='word_1_14' title='bbox 555 911 589 976; x_wconf 89' lang='lat' dir='ltr'><strong>in</strong></span> <span class='ocrx_word' id='word_1_15' title='bbox 608 904 765 999; x_wconf 85' lang='lat' dir='ltr'><strong>quamvis,</strong></span> <span class='ocrx_word' id='word_1_16' title='bbox 786 904 958 996; x_wconf 85' lang='lat' dir='ltr'><strong>pugnando</strong></span> <span class='ocrx_word' id='word_1_17' title='bbox 977 926 1092 976; x_wconf 89' lang='lat' dir='ltr'><strong>tuetur.</strong></span> 
     </span>
     <span class='ocr_line' id='line_1_4' title="bbox 662 1072 868 1140; baseline 0 -2"><span class='ocrx_word' id='word_1_18' title='bbox 662 1072 868 1140; x_wconf 69' lang='lat' dir='ltr'><strong>Purpureus.</strong></span> 
     </span>
    </p>
   </div>
   <div class='ocr_carea' id='block_1_4' title="bbox 259 1231 1119 2150">
    <p class='ocr_par' dir='ltr' id='par_1_4' title="bbox 259 1231 1119 2150">
     <span class='ocr_line' id='line_1_5' title="bbox 259 1231 1119 1324; baseline -0.001 -22"><span class='ocrx_word' id='word_1_19' title='bbox 259 1234 367 1324; x_wconf 90' lang='lat' dir='ltr'><strong>Duplo</strong></span> <span class='ocrx_word' id='word_1_20' title='bbox 386 1237 487 1323; x_wconf 74' lang='lat' dir='ltr'><strong>major</strong></span> <span class='ocrx_word' id='word_1_21' title='bbox 507 1254 590 1324; x_wconf 92' lang='lat' dir='ltr'><strong>equo</strong></span> <span class='ocrx_word' id='word_1_22' title='bbox 609 1232 700 1302; x_wconf 81' lang='lat' dir='ltr'><strong>facile</strong></span> <span class='ocrx_word' id='word_1_23' title='bbox 720 1257 788 1302; x_wconf 90' lang='lat' dir='ltr'><strong>esse</strong></span> <span class='ocrx_word' id='word_1_24' title='bbox 807 1231 1004 1322; x_wconf 84' lang='lat' dir='ltr'><strong>poephagus,</strong></span> <span class='ocrx_word' id='word_1_25' title='bbox 1025 1251 1119 1324; x_wconf 86' lang='lat' dir='ltr'><strong>atque</strong></span> 
     </span>
     <span class='ocr_line' id='line_1_6' title="bbox 260 1370 1088 1461; baseline -0.002 -22"><span class='ocrx_word' id='word_1_26' title='bbox 260 1370 393 1454; x_wconf 85' lang='lat' dir='ltr'><strong>Herbas,</strong></span> <span class='ocrx_word' id='word_1_27' title='bbox 413 1374 511 1439; x_wconf 85' lang='lat' dir='ltr'><strong>instar</strong></span> <span class='ocrx_word' id='word_1_28' title='bbox 529 1373 614 1461; x_wconf 89' lang='lat' dir='ltr'><strong>equi,</strong></span> <span class='ocrx_word' id='word_1_29' title='bbox 634 1370 793 1459; x_wconf 84' lang='lat' dir='ltr'><strong>pascendo</strong></span> <span class='ocrx_word' id='word_1_30' title='bbox 814 1392 940 1459; x_wconf 88' lang='lat' dir='ltr'><strong>carpere</strong></span> <span class='ocrx_word' id='word_1_31' title='bbox 958 1371 1088 1459; x_wconf 86' lang='lat' dir='ltr'><strong>passim,</strong></span> 
     </span>
     <span class='ocr_line' id='line_1_7' title="bbox 260 1506 1100 1599; baseline -0.002 -23"><span class='ocrx_word' id='word_1_32' title='bbox 260 1511 351 1599; x_wconf 85' lang='lat' dir='ltr'>Aque</span> <span class='ocrx_word' id='word_1_33' title='bbox 371 1507 539 1578; x_wconf 85' lang='lat' dir='ltr'><strong>herbarum</strong></span> <span class='ocrx_word' id='word_1_34' title='bbox 559 1531 614 1576; x_wconf 89' lang='lat' dir='ltr'><strong>esu</strong></span> <span class='ocrx_word' id='word_1_35' title='bbox 633 1531 753 1576; x_wconf 90' lang='lat' dir='ltr'><strong>nomen</strong></span> <span class='ocrx_word' id='word_1_36' title='bbox 772 1509 944 1597; x_wconf 89' lang='lat' dir='ltr'><strong>sumpsisse</strong></span> <span class='ocrx_word' id='word_1_37' title='bbox 963 1506 1100 1577; x_wconf 89' lang='lat' dir='ltr'><strong>videtur.</strong></span> 
     </span>
     <span class='ocr_line' id='line_1_8' title="bbox 261 1643 1020 1740; baseline 0 -28"><span class='ocrx_word' id='word_1_38' title='bbox 261 1646 356 1713; x_wconf 92' lang='lat' dir='ltr'><strong>Hunc</strong></span> <span class='ocrx_word' id='word_1_39' title='bbox 375 1643 483 1714; x_wconf 83' lang='lat' dir='ltr'><strong>caudae</strong></span> <span class='ocrx_word' id='word_1_40' title='bbox 502 1664 626 1740; x_wconf 66' lang='lat' dir='ltr'><strong>tentum</strong></span> <span class='ocrx_word' id='word_1_41' title='bbox 645 1669 739 1714; x_wconf 82' lang='lat' dir='ltr'><strong>causa</strong></span> <span class='ocrx_word' id='word_1_42' title='bbox 756 1664 892 1715; x_wconf 88' lang='lat' dir='ltr'><strong>sectatur</strong></span> <span class='ocrx_word' id='word_1_43' title='bbox 911 1669 1020 1714; x_wconf 83' lang='lat' dir='ltr'><strong>avarus</strong></span> 
     </span>
     <span class='ocr_line' id='line_1_9' title="bbox 261 1781 1013 1875; baseline -0.003 -23"><span class='ocrx_word' id='word_1_44' title='bbox 261 1786 405 1854; x_wconf 83' lang='lat' dir='ltr'>Venator</span> <span class='ocrx_word' id='word_1_45' title='bbox 425 1810 433 1853; x_wconf 75' lang='grc' dir='ltr'>ε</span> <span class='ocrx_word' id='word_1_46' title='bbox 456 1807 527 1875; x_wconf 91' lang='lat' dir='ltr'><strong>quae</strong></span> <span class='ocrx_word' id='word_1_47' title='bbox 546 1808 647 1875; x_wconf 91' lang='lat' dir='ltr'><strong>quum</strong></span> <span class='ocrx_word' id='word_1_48' title='bbox 666 1784 741 1852; x_wconf 89' lang='lat' dir='ltr'><strong>setis</strong></span> <span class='ocrx_word' id='word_1_49' title='bbox 760 1781 917 1866; x_wconf 76' lang='lat' dir='ltr'><strong>setilibuS,</strong></span> <span class='ocrx_word' id='word_1_50' title='bbox 939 1785 1013 1851; x_wconf 87' lang='lat' dir='ltr'><strong>atris</strong></span> 
     </span>
     <span class='ocr_line' id='line_1_10' title="bbox 262 1917 1103 2011; baseline -0.001 -21"><span class='ocrx_word' id='word_1_51' title='bbox 262 1924 437 2011; x_wconf 78' lang='lat' dir='ltr'><strong>Praecipue,</strong></span> <span class='ocrx_word' id='word_1_52' title='bbox 460 1921 574 1989; x_wconf 88' lang='lat' dir='ltr'><strong>mulier</strong></span> <span class='ocrx_word' id='word_1_53' title='bbox 593 1919 723 2009; x_wconf 86' lang='lat' dir='ltr'>pulchre</span> <span class='ocrx_word' id='word_1_54' title='bbox 742 1917 857 2009; x_wconf 91' lang='lat' dir='ltr'><strong>quibus</strong></span> <span class='ocrx_word' id='word_1_55' title='bbox 875 1917 983 1988; x_wconf 81' lang='lat' dir='ltr'><strong>indica</strong></span> <span class='ocrx_word' id='word_1_56' title='bbox 1002 1921 1103 1989; x_wconf 90' lang='lat' dir='ltr'><strong>crines</strong></span> 
     </span>
     <span class='ocr_line' id='line_1_11' title="bbox 263 2057 1110 2150; baseline -0.002 -22"><span class='ocrx_word' id='word_1_57' title='bbox 263 2060 409 2150; x_wconf 86' lang='lat' dir='ltr'><strong>Implicat</strong></span> <span class='ocrx_word' id='word_1_58' title='bbox 428 2079 568 2142; x_wconf 88' lang='lat' dir='ltr'><strong>ornatos,</strong></span> <span class='ocrx_word' id='word_1_59' title='bbox 591 2061 631 2127; x_wconf 93' lang='lat' dir='ltr'><strong>sit</strong></span> <span class='ocrx_word' id='word_1_60' title='bbox 649 2059 761 2148; x_wconf 84' lang='lat' dir='ltr'><strong>plena3</strong></span> <span class='ocrx_word' id='word_1_61' title='bbox 782 2059 818 2128; x_wconf 89' lang='lat' dir='ltr'><strong>fit</strong></span> <span class='ocrx_word' id='word_1_62' title='bbox 837 2078 872 2128; x_wconf 95' lang='lat' dir='ltr'><strong>ut</strong></span> <span class='ocrx_word' id='word_1_63' title='bbox 890 2057 950 2127; x_wconf 91' lang='lat' dir='ltr'><strong>sibi</strong></span> <span class='ocrx_word' id='word_1_64' title='bbox 969 2081 1110 2127; x_wconf 86' lang='lat' dir='ltr'><strong>mercem</strong></span> 
     </span>
    </p>
   </div>
   <div class='ocr_carea' id='block_1_5' title="bbox 263 2193 1099 2287">
    <p class='ocr_par' dir='ltr' id='par_1_5' title="bbox 263 2193 1099 2287">
     <span class='ocr_line' id='line_1_12' title="bbox 263 2193 1099 2287; baseline -0.001 -21"><span class='ocrx_word' id='word_1_65' title='bbox 263 2193 438 2287; x_wconf 85' lang='lat' dir='ltr'><strong>Comparet</strong></span> <span class='ocrx_word' id='word_1_66' title='bbox 456 2197 538 2266; x_wconf 83' lang='lat' dir='ltr'><strong>hanc</strong></span> <span class='ocrx_word' id='word_1_67' title='bbox 557 2219 675 2286; x_wconf 86' lang='lat' dir='ltr'><strong>magno</strong></span> <span class='ocrx_word' id='word_1_68' title='bbox 694 2195 806 2264; x_wconf 76' lang='lat' dir='ltr'><strong>formae</strong></span> <span class='ocrx_word' id='word_1_69' title='bbox 824 2195 965 2266; x_wconf 87' lang='lat' dir='ltr'><strong>studiosa</strong></span> <span class='ocrx_word' id='word_1_70' title='bbox 984 2196 1099 2285; x_wconf 84' lang='lat' dir='ltr'><strong>puella.</strong></span> 
     </span>
    </p>
   </div>
   <div class='ocr_carea' id='block_1_6' title="bbox 265 2360 1152 3157">
    <p class='ocr_par' dir='ltr' id='par_1_6' title="bbox 265 2360 1152 3157">
     <span class='ocr_line' id='line_1_13' title="bbox 711 2360 842 2429; baseline 0.008 -3"><span class='ocrx_word' id='word_1_71' title='bbox 711 2360 842 2429; x_wconf 81' lang='lat' dir='ltr'><strong>Asnus.</strong></span> 
     </span>
     <span class='ocr_line' id='line_1_14' title="bbox 265 2495 1152 2590; baseline 0.002 -25"><span class='ocrx_word' id='word_1_72' title='bbox 265 2498 320 2566; x_wconf 88' lang='lat' dir='ltr'><strong>Est</strong></span> <span class='ocrx_word' id='word_1_73' title='bbox 339 2498 445 2565; x_wconf 89' lang='lat' dir='ltr'><strong>asinus</strong></span> <span class='ocrx_word' id='word_1_74' title='bbox 465 2495 621 2586; x_wconf 90' lang='lat' dir='ltr'><strong>stupidus,</strong></span> <span class='ocrx_word' id='word_1_75' title='bbox 641 2497 752 2582; x_wconf 89' lang='lat' dir='ltr'><strong>rudis;</strong></span> <span class='ocrx_word' id='word_1_76' title='bbox 774 2501 969 2589; x_wconf 86' lang='lat' dir='ltr'><strong>ignavusque</strong></span> <span class='ocrx_word' id='word_1_77' title='bbox 988 2501 1152 2590; x_wconf 88' lang='lat' dir='ltr'><strong>pigerque,</strong></span> 
     </span>
     <span class='ocr_line' id='line_1_15' title="bbox 265 2633 1035 2724; baseline 0.003 -22"><span class='ocrx_word' id='word_1_78' title='bbox 265 2637 394 2704; x_wconf 86' lang='lat' dir='ltr'><strong>Incessu</strong></span> <span class='ocrx_word' id='word_1_79' title='bbox 414 2633 532 2718; x_wconf 84' lang='lat' dir='ltr'><strong>tardus,</strong></span> <span class='ocrx_word' id='word_1_80' title='bbox 554 2637 580 2702; x_wconf 93' lang='lat' dir='ltr'><strong>si</strong></span> <span class='ocrx_word' id='word_1_81' title='bbox 599 2635 699 2724; x_wconf 85' lang='lat' dir='ltr'><strong>plagae</strong></span> <span class='ocrx_word' id='word_1_82' title='bbox 718 2654 749 2704; x_wconf 88' lang='lat' dir='ltr'><strong>et</strong></span> <span class='ocrx_word' id='word_1_83' title='bbox 769 2634 900 2705; x_wconf 85' lang='lat' dir='ltr'><strong>verbera</strong></span> <span class='ocrx_word' id='word_1_84' title='bbox 919 2634 1035 2705; x_wconf 89' lang='lat' dir='ltr'><strong>desint.</strong></span> 
     </span>
     <span class='ocr_line' id='line_1_16' title="bbox 267 2770 1115 2868; baseline 0.004 -26"><span class='ocrx_word' id='word_1_85' title='bbox 267 2770 440 2868; x_wconf 55' lang='lat' dir='ltr'><strong>Robustum</strong></span> <span class='ocrx_word' id='word_1_86' title='bbox 461 2772 584 2856; x_wconf 91' lang='lat' dir='ltr'><strong>firmus,</strong></span> <span class='ocrx_word' id='word_1_87' title='bbox 606 2775 728 2862; x_wconf 87' lang='lat' dir='ltr'><strong>patiens</strong></span> <span class='ocrx_word' id='word_1_88' title='bbox 746 2773 839 2842; x_wconf 82' lang='lat' dir='ltr'><strong>famis</strong></span> <span class='ocrx_word' id='word_1_89' title='bbox 859 2794 952 2866; x_wconf 89' lang='lat' dir='ltr'><strong>atque</strong></span> <span class='ocrx_word' id='word_1_90' title='bbox 967 2774 1084 2845; x_wconf 87' lang='lat' dir='ltr'><strong>laboris</strong></span> <span class='ocrx_word' id='word_1_91' title='bbox 1107 2801 1115 2845; x_wconf 75' lang='grc' dir='ltr'><strong><em>ε</em></strong></span> 
     </span>
     <span class='ocr_line' id='line_1_17' title="bbox 267 2912 1100 3005; baseline 0.005 -27"><span class='ocrx_word' id='word_1_92' title='bbox 267 2912 376 2995; x_wconf 59' lang='lat' dir='ltr'><strong>Lenis</strong></span> <span class='ocrx_word' id='word_1_93' title='bbox 397 2932 594 2996; x_wconf 79' lang='lat' dir='ltr'><strong>mansuetus²</strong></span> <span class='ocrx_word' id='word_1_94' title='bbox 615 2912 768 3002; x_wconf 86' lang='lat' dir='ltr'><strong>placidus,</strong></span> <span class='ocrx_word' id='word_1_95' title='bbox 790 2915 889 2997; x_wconf 87' lang='lat' dir='ltr'><strong>mitis,</strong></span> <span class='ocrx_word' id='word_1_96' title='bbox 910 2912 1100 3005; x_wconf 82' lang='lat' dir='ltr'><strong>facilisque:</strong></span> 
     </span>
     <span class='ocr_line' id='line_1_18' title="bbox 268 3049 1079 3157; baseline 0.005 -41"><span class='ocrx_word' id='word_1_97' title='bbox 268 3051 417 3119; x_wconf 90' lang='lat' dir='ltr'><strong>Demisso</strong></span> <span class='ocrx_word' id='word_1_98' title='bbox 436 3049 631 3141; x_wconf 90' lang='lat' dir='ltr'><strong>timidusque</strong></span> <span class='ocrx_word' id='word_1_99' title='bbox 651 3053 759 3119; x_wconf 88' lang='lat' dir='ltr'><strong>animo</strong></span> <span class='ocrx_word' id='word_1_100' title='bbox 782 3077 789 3121; x_wconf 89' lang='lat'>:</span> <span class='ocrx_word' id='word_1_101' title='bbox 810 3051 890 3121; x_wconf 83' lang='lat' dir='ltr'>flava</span> <span class='ocrx_word' id='word_1_102' title='bbox 909 3053 978 3120; x_wconf 90' lang='lat' dir='ltr'><strong>sine</strong></span> <span class='ocrx_word' id='word_1_103' title='bbox 996 3050 1079 3157; x_wconf 41' lang='lat' dir='ltr'><strong>bile·</strong></span> 
     </span>
    </p>
   </div>
   <div class='ocr_carea' id='block_1_7' title="bbox 269 3187 1287 3280">
    <p class='ocr_par' dir='ltr' id='par_1_7' title="bbox 269 3187 1287 3280">
     <span class='ocr_line' id='line_1_19' title="bbox 269 3187 1287 3280; baseline 0.001 -24"><span class='ocrx_word' id='word_1_104' title='bbox 269 3189 360 3256; x_wconf 91' lang='lat' dir='ltr'><strong>Pacis</strong></span> <span class='ocrx_word' id='word_1_105' title='bbox 384 3208 415 3258; x_wconf 95' lang='lat' dir='ltr'><strong>et</strong></span> <span class='ocrx_word' id='word_1_106' title='bbox 438 3191 496 3259; x_wconf 91' lang='lat' dir='ltr'><strong>otii</strong></span> <span class='ocrx_word' id='word_1_107' title='bbox 521 3213 630 3263; x_wconf 85' lang='lat' dir='ltr'><strong>¹amans</strong></span> <span class='ocrx_word' id='word_1_108' title='bbox 652 3214 659 3257; x_wconf 91' lang='lat'>:</span> <span class='ocrx_word' id='word_1_109' title='bbox 682 3213 785 3280; x_wconf 90' lang='lat' dir='ltr'><strong>neque</strong></span> <span class='ocrx_word' id='word_1_110' title='bbox 806 3187 887 3258; x_wconf 78' lang='lat' dir='ltr'><strong>bella</strong></span> <span class='ocrx_word' id='word_1_111' title='bbox 906 3213 1010 3280; x_wconf 90' lang='lat' dir='ltr'><strong>neque</strong></span> <span class='ocrx_word' id='word_1_112' title='bbox 1030 3210 1117 3258; x_wconf 84' lang='lat' dir='ltr'><strong>arma</strong></span> <span class='ocrx_word' id='word_1_113' title='bbox 1135 3208 1287 3259; x_wconf 86' lang='lat' dir='ltr'><strong>moratur.</strong></span> 
     </span>
    </p>
   </div>
   <div class='ocr_carea' id='block_1_8' title="bbox 270 3325 1061 3417">
    <p class='ocr_par' dir='ltr' id='par_1_8' title="bbox 270 3325 1061 3417">
     <span class='ocr_line' id='line_1_20' title="bbox 270 3325 1061 3417; baseline -0.003 -20"><span class='ocrx_word' id='word_1_114' title='bbox 270 3325 412 3397; x_wconf 85' lang='lat' dir='ltr'><strong>Clitellas</strong></span> <span class='ocrx_word' id='word_1_115' title='bbox 429 3325 553 3416; x_wconf 87' lang='lat' dir='ltr'><strong>pandus</strong></span> <span class='ocrx_word' id='word_1_116' title='bbox 571 3325 674 3396; x_wconf 91' lang='lat' dir='ltr'><strong>multo</strong></span> <span class='ocrx_word' id='word_1_117' title='bbox 693 3351 768 3395; x_wconf 88' lang='lat' dir='ltr'><strong>cum</strong></span> <span class='ocrx_word' id='word_1_118' title='bbox 787 3326 929 3416; x_wconf 89' lang='lat' dir='ltr'><strong>pondere</strong></span> <span class='ocrx_word' id='word_1_119' title='bbox 948 3346 1061 3417; x_wconf 85' lang='lat' dir='ltr'><strong>gestat.</strong></span> 
     </span>
    </p>
   </div>
   <div class='ocr_carea' id='block_1_9' title="bbox 269 3465 1136 4248">
    <p class='ocr_par' dir='ltr' id='par_1_9' title="bbox 269 3465 1136 4248">
     <span class='ocr_line' id='line_1_21' title="bbox 269 3465 1003 3550; baseline 0.001 -16"><span class='ocrx_word' id='word_1_120' title='bbox 269 3467 417 3550; x_wconf 87' lang='lat' dir='ltr'><strong>Restitat,</strong></span> <span class='ocrx_word' id='word_1_121' title='bbox 437 3485 468 3536; x_wconf 94' lang='lat' dir='ltr'><strong>et</strong></span> <span class='ocrx_word' id='word_1_122' title='bbox 485 3465 596 3536; x_wconf 89' lang='lat' dir='ltr'><strong>crebro</strong></span> <span class='ocrx_word' id='word_1_123' title='bbox 615 3465 750 3536; x_wconf 83' lang='lat' dir='ltr'><strong>lascivus</strong></span> <span class='ocrx_word' id='word_1_124' title='bbox 769 3466 907 3536; x_wconf 84' lang='lat' dir='ltr'><strong>calcitrat</strong></span> <span class='ocrx_word' id='word_1_125' title='bbox 926 3468 1003 3536; x_wconf 93' lang='lat' dir='ltr'><strong>ictu.</strong></span> 
     </span>
     <span class='ocr_line' id='line_1_22' title="bbox 269 3602 1062 3694; baseline 0 -22"><span class='ocrx_word' id='word_1_126' title='bbox 269 3605 421 3672; x_wconf 83' lang='lat' dir='ltr'><strong>Esuriens</strong></span> <span class='ocrx_word' id='word_1_127' title='bbox 439 3602 537 3679; x_wconf 87' lang='lat' dir='ltr'><strong>fustes</strong></span> <span class='ocrx_word' id='word_1_128' title='bbox 556 3607 747 3687; x_wconf 88' lang='lat' dir='ltr'><strong>contemnit,</strong></span> <span class='ocrx_word' id='word_1_129' title='bbox 767 3603 897 3674; x_wconf 86' lang='lat' dir='ltr'><strong>verbera</strong></span> <span class='ocrx_word' id='word_1_130' title='bbox 916 3604 1033 3694; x_wconf 86' lang='lat' dir='ltr'><strong>perfert</strong></span> <span class='ocrx_word' id='word_1_131' title='bbox 1055 3627 1062 3672; x_wconf 91' lang='lat'>:</span> 
     </span>
     <span class='ocr_line' id='line_1_23' title="bbox 270 3740 1053 3834; baseline 0 -22"><span class='ocrx_word' id='word_1_132' title='bbox 270 3744 342 3812; x_wconf 92' lang='lat' dir='ltr'><strong>Nec</strong></span> <span class='ocrx_word' id='word_1_133' title='bbox 361 3744 446 3831; x_wconf 93' lang='lat' dir='ltr'><strong>prius</strong></span> <span class='ocrx_word' id='word_1_134' title='bbox 464 3767 481 3811; x_wconf 91' lang='lat' dir='ltr'><strong>e</strong></span> <span class='ocrx_word' id='word_1_135' title='bbox 500 3761 589 3832; x_wconf 85' lang='lat' dir='ltr'><strong>pastu</strong></span> <span class='ocrx_word' id='word_1_136' title='bbox 609 3740 774 3812; x_wconf 89' lang='lat' dir='ltr'><strong>discedens</strong></span> <span class='ocrx_word' id='word_1_137' title='bbox 793 3742 906 3832; x_wconf 83' lang='lat' dir='ltr'><strong>pabula</strong></span> <span class='ocrx_word' id='word_1_138' title='bbox 924 3741 1053 3834; x_wconf 85' lang='lat' dir='ltr'><strong>linquit,</strong></span> 
     </span>
     <span class='ocr_line' id='line_1_24' title="bbox 272 3878 1111 3972; baseline 0.004 -24"><span class='ocrx_word' id='word_1_139' title='bbox 272 3879 384 3960; x_wconf 89' lang='lat' dir='ltr'><strong>Quam</strong></span> <span class='ocrx_word' id='word_1_140' title='bbox 402 3903 471 3948; x_wconf 86' lang='lat' dir='ltr'><strong>sese</strong></span> <span class='ocrx_word' id='word_1_141' title='bbox 489 3878 593 3965; x_wconf 83' lang='lat' dir='ltr'><strong>foeno,</strong></span> <span class='ocrx_word' id='word_1_142' title='bbox 615 3880 750 3970; x_wconf 92' lang='lat' dir='ltr'><strong>stipulis,</strong></span> <span class='ocrx_word' id='word_1_143' title='bbox 773 3881 948 3972; x_wconf 79' lang='lat' dir='ltr'><strong>culmisque</strong></span> <span class='ocrx_word' id='word_1_144' title='bbox 973 3879 1111 3972; x_wconf 87' lang='lat' dir='ltr'><strong>replerit.</strong></span> 
     </span>
     <span class='ocr_line' id='line_1_25' title="bbox 272 4017 1136 4120; baseline 0.001 -32"><span class='ocrx_word' id='word_1_145' title='bbox 272 4018 369 4088; x_wconf 90' lang='lat' dir='ltr'><strong>Tunc</strong></span> <span class='ocrx_word' id='word_1_146' title='bbox 386 4017 473 4088; x_wconf 92' lang='lat' dir='ltr'><strong>lento</strong></span> <span class='ocrx_word' id='word_1_147' title='bbox 493 4019 647 4109; x_wconf 87' lang='lat' dir='ltr'><strong>incipiens</strong></span> <span class='ocrx_word' id='word_1_148' title='bbox 667 4017 799 4088; x_wconf 91' lang='lat' dir='ltr'><strong>demum</strong></span> <span class='ocrx_word' id='word_1_149' title='bbox 816 4039 984 4109; x_wconf 88' lang='lat' dir='ltr'><strong>prorepere</strong></span> <span class='ocrx_word' id='word_1_150' title='bbox 1004 4044 1109 4109; x_wconf 81' lang='lat' dir='ltr'><strong>passu,</strong></span> <span class='ocrx_word' id='word_1_151' title='bbox 1134 4117 1136 4120; x_wconf 10' lang='lat' dir='ltr'>y</span> 
     </span>
     <span class='ocr_line' id='line_1_26' title="bbox 272 4155 1012 4248; baseline -0.001 -22"><span class='ocrx_word' id='word_1_152' title='bbox 272 4157 393 4248; x_wconf 85' lang='lat' dir='ltr'><strong>Arrigit</strong></span> <span class='ocrx_word' id='word_1_153' title='bbox 411 4155 565 4248; x_wconf 84' lang='lat' dir='ltr'><strong>oblongas</strong></span> <span class='ocrx_word' id='word_1_154' title='bbox 584 4155 692 4227; x_wconf 89' lang='lat' dir='ltr'><strong>auditu</strong></span> <span class='ocrx_word' id='word_1_155' title='bbox 713 4159 883 4226; x_wconf 86' lang='lat' dir='ltr'><strong>acerrimus</strong></span> <span class='ocrx_word' id='word_1_156' title='bbox 903 4181 1012 4241; x_wconf 87' lang='lat' dir='ltr'><strong>aures;</strong></span> 
     </span>
    </p>
   </div>
   <div class='ocr_carea' id='block_1_10' title="bbox 275 4291 960 4386">
    <p class='ocr_par' dir='ltr' id='par_1_10' title="bbox 275 4291 960 4386">
     <span class='ocr_line' id='line_1_27' title="bbox 275 4291 960 4386; baseline 0 -25"><span class='ocrx_word' id='word_1_157' title='bbox 275 4293 346 4362; x_wconf 91' lang='lat' dir='ltr'><strong>Ore</strong></span> <span class='ocrx_word' id='word_1_158' title='bbox 364 4291 461 4376; x_wconf 89' lang='lat' dir='ltr'><strong>rudit,</strong></span> <span class='ocrx_word' id='word_1_159' title='bbox 481 4316 573 4362; x_wconf 90' lang='lat' dir='ltr'><strong>rauca</strong></span> <span class='ocrx_word' id='word_1_160' title='bbox 592 4314 722 4364; x_wconf 84' lang='lat' dir='ltr'><strong>testatur</strong></span> <span class='ocrx_word' id='word_1_161' title='bbox 738 4294 853 4386; x_wconf 82' lang='lat' dir='ltr'><strong>gaudia</strong></span> <span class='ocrx_word' id='word_1_162' title='bbox 868 4318 960 4365; x_wconf 88' lang='lat' dir='ltr'><strong>voce.</strong></span> 
     </span>
    </p>
   </div>
   <div class='ocr_carea' id='block_1_11' title="bbox 0 0 1547 5204">
    <p class='ocr_par' dir='ltr' id='par_1_11' title="bbox 0 0 1547 5204">
     <span class='ocr_line' id='line_1_28' title="bbox 0 0 1547 5204; baseline 0 0"><span class='ocrx_word' id='word_1_163' title='bbox 0 0 1547 5204; x_wconf 95' lang='lat' dir='ltr'><strong> </strong></span> 
     </span>
    </p>
   </div>
  </div>
 </body>
</html>
