3038 5204
692 493 865 557 ..44-

271 680 371 746 ferox
390 695 422 744 et
439 673 539 743 audax
558 677 694 764 impetit,
715 676 816 743 victos
835 693 926 742 necat
947 697 954 739 τ

271 810 335 882 Sed
352 810 454 901 diligit
472 808 649 893 hominem,
671 829 764 899 atque
783 830 892 879 contra
912 807 1195 896 hostem'adjuvat.

270 951 389 1019 AEsttte
407 947 542 1031 nudum,
563 968 594 1016 at
614 946 729 1037 hyeme
747 971 860 1037 corpus
879 948 997 1016 hirtum
1016 944 1124 1015 habet.

729 1169 835 1238 Gmo.

271 1391 367 1476 Gulo,
388 1390 461 1481 gula
480 1409 511 1459 et
529 1391 699 1458 voracitate
717 1388 852 1478 plurima

271 1531 502 1621 Septentrionis
520 1530 641 1617 optime
661 1549 756 1596 notus
776 1527 865 1611 locis,

270 1670 356 1737 Dirae
369 1687 462 1758 atque
479 1665 598 1735 callidae
617 1687 663 1734 est
682 1664 805 1756 hyaenae
824 1689 995 1756 congener.
1035 1644 1043 1661 ’

268 1803 376 1872 Felem
393 1803 486 1872 refert
504 1802 606 1870 forma
625 1801 724 1870 leram
743 1788 836 1890 piane
853 1805 933 1871 truci
955 1827 962 1870 :

267 1942 354 2026 justa
372 1964 483 2009 canem
501 1939 657 2030 refertque
677 1939 909 2030 magnitudine.
1018 2038 1021 2045 Ι

266 2080 398 2146 Inventa
416 2076 508 2167 glutit
527 2076 677 2166 quaelibet
695 2076 858 2161 cadavera,

268 2217 485 2304 Ventremque
505 2215 604 2304 replet
622 2219 764 2306 tympani
785 2216 931 2285 inflatum
950 2217 1059 2303 modo,

269 2355 421 2422 Extensus
440 2371 471 2421 et
489 2351 591 2420 multo
611 2371 737 2421 tumens
756 2354 860 2444 ample
880 2354 951 2423 cibo

268 2490 456 2579 Angustiam
474 2490 555 2556 inter
573 2487 698 2557 arbores
717 2494 830 2580 quaerit
848 2491 947 2575 duas;

268 2629 335 2696 Has
352 2629 435 2695 inter
452 2629 611 2715 irrumpit,
632 2647 840 2718 ventremque
860 2633 1033 2699 arctissime

269 2765 401 2854 Stringit
419 2763 564 2832 ciborum
581 2763 666 2832 mole
684 2765 784 2834 multa
801 2764 963 2856 turgidum
977 2793 999 2851 ;.

269 2905 393 2993 Ingesta
407 2894 455 2986 ‘vi‚
475 2904 506 2971 vi
525 2903 663 2969 maxima
682 2922 716 2970 ut
734 2905 779 2970 sic
799 2922 916 2993 egerat.

268 3042 312 3110 At
330 3062 466 3109 stercore
485 3039 597 3128 ejecto,
619 3037 658 3107 ad
677 3038 809 3108 cadaver
825 3062 901 3108 mox
919 3039 1000 3115 redit
1020 3065 1027 3108 ε

269 3176 436 3255 Quantum
453 3195 569 3265 potest,
590 3179 704 3262 inanis,
729 3197 763 3248 ut
781 3180 879 3269 prius,
901 3199 990 3249 vorat
1011 3204 1018 3247 :

269 3314 438 3403 Angustias
458 3336 583 3382 rursum
602 3317 691 3404 petit,
713 3314 892 3406 foetensque
911 3339 994 3385 onus

268 3449 428 3521 Protrudit
445 3452 646 3542 excernitque
667 3477 675 3520 :
698 3471 729 3522 et
746 3453 779 3521 id
797 3453 905 3522 creber
923 3453 1008 3538 lacit,

270 3590 382 3658 Donec
400 3613 496 3660 vorax
513 3590 644 3660 cadaver
661 3614 758 3661 omne
777 3590 998 3681 absumpserit.

271 3728 413 3799 Venator
431 3729 516 3799 hunc
534 3730 649 3820 sclopis
669 3751 700 3801 et
718 3731 851 3801 arcubus
869 3735 959 3821 petit,

272 3863 348 3936 Non
367 3868 481 3950 carnis,
501 3886 532 3936 at
550 3867 640 3956 pellis
658 3867 821 3956 placentis,
842 3872 954 3960 gratia,

272 3999 356 4082 Quae
373 4001 533 4073 scutulatis
551 4002 716 4094 splendida
735 4025 782 4075 est
800 4006 972 4091 coloribus,

273 4140 312 4210 Et
329 4138 463 4211 divitum
481 4146 606 4214 vestitui
626 4124 863 4233 percommoda.
