3038 5204
375 896 612 956 VENATIONES
640 896 821 964 FERARUM‚
850 897 978 964 AVIUM,
1007 894 1161 953 PlsctUM.

458 1126 647 1196 PUGNAE
681 1122 1081 1195 BESTIARIORUM

548 1362 572 1416 &
598 1358 739 1416 MUTUAE
771 1357 988 1417 BESTIARUM.

509 1615 732 1687 Etannturuu
751 1635 867 1689 untur
883 1638 1024 1688 anxnu.

258 1832 355 1902 Hunc
373 1848 497 1901 servant
515 1853 640 1900 morem
658 1851 778 1903 naturae
796 1835 947 1905 instinctu
972 1833 1156 1927 elephantes
1177 1859 1184 1901 :

257 1971 295 2038 In
311 1967 437 2037 foveam
453 1970 598 2039 incantus
617 1969 731 2042 cecidit
750 1975 777 2041 si
796 1971 876 2043 sorte
894 1972 1041 2064 gregalis,

257 2109 423 2179 Auxilium
440 2110 616 2182 accelerant
633 2111 685 2181 alii
704 2113 858 2198 conferre,
881 2115 964 2182 etin
983 2131 1109 2183 antrum

257 2247 374 2334 Moles,
396 2273 431 2320 ac
449 2274 564 2337 ramos,
585 2272 740 2343 terraeque
763 2255 933 2323 immittere
951 2250 1069 2342 glebas.

443 2561 643 2631 ELEPHANTIS
662 2580 702 2629 ET
721 2578 879 2630 DRACONIS
897 2577 1081 2627 CERTAMEN.

257 2818 389 2889 Excelsa
407 2820 441 2888 in
462 2817 588 2888 barrum
607 2816 702 2887 draco
721 2842 790 2887 sese
811 2842 850 2886 ex
870 2818 979 2888 arbore
999 2821 1091 2908 jactat
1113 2844 1120 2886 :

256 2956 548 3045 Praestringensque
566 2953 663 3044 pedes
686 2978 782 3039 nexu,
803 2957 868 3023 ima
886 2957 921 3023 in
939 2978 1014 3024 nare
1031 2953 1176 3025 recondit

256 3095 337 3162 Mox
355 3111 459 3183 caput.
480 3094 565 3163 Hinc
581 3092 708 3183 elephas
719 3093 813 3178 labat,
828 3095 1048 3185 extinguitque
1061 3092 1232 3164 draconem

256 3235 346 3306 Dum
364 3232 458 3304 cadit.
477 3235 507 3303 A
525 3235 616 3303 nanis
634 3234 669 3302 in
687 3232 784 3303 frusta
801 3253 924 3304 secatur
945 3253 1089 3327 uterque.
1115 3299 1117 3303 ,

440 3529 647 3597 Etrurrmrrs
665 3549 686 3595 A
705 3548 918 3598 rnontonrrrs
936 3548 1090 3600 Macran.

258 3724 457 3857 Trogloditae
475 3763 598 3874 insidiis
618 3765 820 3855 elephantem
837 3766 945 3835 fallere
967 3765 1064 3850 docti,

258 3906 423 3995 Arripiunt
440 3902 592 3988 caudam,
613 3922 682 3973 tum
700 3904 777 3974 laeso
796 3904 916 3993 poplite
934 3928 1084 3974 mancum

255 4046 398 4114 Mactant
417 4067 425 4113 ι
446 4045 480 4111 in
499 4045 599 4111 varias
619 4041 768 4113 scindunt
787 4061 890 4133 partes
910 4069 917 4111 :
941 4067 997 4114 sua
1016 4046 1150 4135 quisque

257 4179 367 4261 Quam
384 4199 494 4249 nactus
514 4178 655 4269 praedam
673 4205 807 4270 propere
823 4183 857 4248 in
876 4182 992 4271 spelaea
1010 4201 1159 4273 reportat.
