3038 5204
676 497 720 516 ..
746 480 804 556 103
829 498 874 516 ..

722 663 822 752 Juuo.

265 853 357 938 Sum,
376 852 460 937 Pari,
480 875 594 943 magna
611 852 699 941 Jovis
717 876 808 924 soror
824 873 856 926 et
874 857 1002 945 conjux,
1025 853 1084 926 dea
1098 856 1183 943 Juno
1204 875 1212 922 :

351 991 406 1060 Me
425 993 494 1061 sine
513 991 637 1063 divitias
655 1013 816 1084 sceptrave
835 1016 932 1064 nemo
950 1012 1048 1064 tenet.

265 1128 335 1197 Prae
354 1125 482 1218 reliquis
500 1127 602 1198 forma
619 1129 646 1198 si
665 1152 717 1198 me
735 1128 890 1199 testabere
907 1127 1095 1218 pulchram;

349 1265 460 1356 Regna
479 1283 513 1336 er
528 1288 606 1355 opes
623 1264 681 1336 tibi
700 1284 792 1338 erunt
810 1288 943 1336 munere
961 1284 1108 1356 prompta
1125 1287 1212 1334 meo,

687 1472 855 1544 Murmur.

260 1663 287 1731 E
303 1661 393 1750 Jovis
411 1662 520 1732 invicti
539 1661 669 1733 cerebro
686 1680 841 1754 prognata
861 1662 1026 1748 Minerva;

350 1802 436 1880 Quae
453 1824 591 1892 praesum
610 1800 711 1886 bellis,
732 1801 932 1893 ingeniisque
957 1802 1025 1869 Dea
1031 1825 1042 1886 ;

260 1940 357 2012 Grata
374 1941 524 2032 equidem
543 1940 632 2010 fuero
651 1942 678 2010 si
696 1939 854 2031 praeferar,
874 1962 895 2009 0
914 1940 985 2008 Pari
1007 1961 1014 2006 :
1037 1960 1094 2028 per
1118 1960 1171 2005 me

349 2081 484 2171 Magnus
504 2081 565 2150 eris
584 2079 681 2165 bellu,
702 2101 837 2169 magnus
856 2097 887 2148 et
906 2078 1050 2165 ingenio.

707 2284 831 2354 Venus.

256 2473 376 2544 Blanda
395 2493 427 2544 et
445 2497 574 2546 amoena
591 2474 714 2559 Venus,
728 2474 842 2543 lascivi
865 2488 966 2543 mater
985 2473 1126 2557 Amoris,

344 2611 474 2681 Nudam
491 2609 665 2680 luminibus
683 2633 749 2695 me,
768 2609 851 2695 Pari,
872 2611 949 2678 sisto
961 2609 1038 2679 tuis.

258 2751 361 2822 Pomo
377 2773 437 2840 ego
455 2751 481 2819 si
499 2751 613 2840 potiar,
633 2768 668 2819 tu
687 2747 810 2818 Helena
827 2749 949 2839 potiere
968 2748 1114 2817 Lacaena.

348 2887 472 2958 Merces
491 2886 600 2978 judicii
618 2885 691 2958 faxo
709 2887 750 2957 sit
768 2887 873 2977 ampla
890 2886 961 2956 tibi.

524 3347 748 3429 QUATUOR
767 3342 1015 3415 ELEMENTA.

721 3536 821 3605 leurs.

259 3737 358 3828 Ignis,
378 3758 434 3804 seu
452 3733 633 3819 flammans,
654 3732 739 3803 coelo
758 3733 813 3823 qui
832 3716 1008 3822 proximus,
1033 3730 1162 3817 AErher3

350 3874 483 3943 Materia
502 3873 637 3943 altisono
654 3870 798 3941 fulminis
817 3869 902 3941 unde
919 3872 991 3959 Jovi
1009 3891 1016 3939 :

262 4008 477 4078 Flammarum
496 4006 688 4078 immodicus
704 3993 742 4077 vi
754 4005 855 4075 multa
873 4006 998 4096 uritque
1011 4024 1186 4096 necarque3

350 4147 410 4215 Ast
427 4143 573 4219 modicus
592 4163 682 4236 grato
701 4142 802 4213 multa
820 4141 924 4212 calore
944 4142 1042 4213 fovet.
