3038 5204
633 480 890 569 '-1ao-

278 707 437 779 Zacharia
456 705 561 798 proles
579 704 701 776 deserta
720 703 785 775 adit
804 707 873 775 avia
891 704 988 777 ductu

365 845 523 937 Angelico
544 870 553 916 ε
574 845 685 916 lurum
703 843 896 936 deliciasque
912 844 1006 936 fugit.

276 983 422 1055 Membra
440 982 513 1073 pilis
531 981 606 1053 hirti
623 981 718 1053 discit
733 982 838 1054 velare
860 982 987 1068 cameli,

364 1121 403 1192 Et
420 1119 548 1192 lumbos
564 1144 644 1191 zona
662 1122 790 1213 cingere
807 1121 950 1218 pellicea.

275 1306 355 1380 Inde
371 1307 476 1399 palam
492 1326 603 1379 sancto
621 1307 777 1399 populum
796 1290 908 1380 nronet
927 1330 982 1378 ore
1000 1308 1181 1399 profanum,

363 1447 496 1519 Amalo
515 1467 550 1519 ut
568 1447 724 1555 abstineat
742 1450 797 1540 qui
816 1447 875 1519 fuit
893 1468 966 1520 ante
984 1448 1087 1519 malus
1109 1474 1116 1517 :

276 1585 429 1677 Baptismi
446 1605 479 1658 et
496 1585 601 1657 nitido
618 1605 770 1677 purgetur
785 1589 844 1657 rite
861 1585 998 1672 lavacro,

362 1723 523 1797 sordescit
540 1747 654 1815 pravus
672 1728 724 1796 cui
742 1728 828 1797 vitiis
846 1728 982 1797 animus.

276 1915 310 1988 Ο
332 1937 401 1986 rem
419 1914 622 1986 mirandam!
644 1914 742 1986 Venit
759 1937 871 2007 expers
888 1914 968 1985 labis
985 1916 1088 2004 Jesus‚

362 2053 578 2148 Perfundique
596 2055 682 2127 unda
699 2055 843 2126 fluminis
861 2058 929 2147 ipse
947 2057 1047 2146 cupit.

275 2190 388 2283 Tingit
403 2214 480 2262 eum
498 2192 637 2284 Baptista
657 2215 666 2262 a
685 2211 772 2281 patet
789 2191 910 2263 coelum
931 2217 940 2262 a
959 2212 1055 2283 atque
1072 2192 1235 2283 columbae

362 2327 464 2400 Instar
480 2328 647 2402 candentis
664 2330 801 2423 Spiritus
820 2328 922 2400 almus
944 2329 1043 2401 adest.

275 2515 411 2589 Clausus
430 2517 602 2611 discipulos
620 2520 660 2591 ad
678 2522 788 2610 Iesum
805 2541 929 2591 carcere
946 2520 1044 2590 mittit

363 2653 502 2747 Baptista
522 2676 531 2725 ε
553 2657 688 2727 accincti
706 2678 782 2727 mox
800 2657 860 2728 iter
878 2655 1054 2728 accelerant
1073 2682 1082 2726 ι

275 2790 314 2862 Et
330 2787 471 2864 referunt
489 2814 599 2866 coram
616 2793 683 2863 visa
700 2811 795 2886 atque
813 2792 920 2866 audita
943 2796 1083 2878 reversi;

362 2925 476 3019 AEgros
495 2933 597 3000 curari
619 2931 772 3003 Numinis
795 2932 924 3002 auxilio.

274 3114 379 3188 Gnata
397 3114 600 3205 Herodiadis,
623 3120 718 3192 natali
737 3120 886 3208 Herodis,
908 3124 941 3191 in
960 3121 1030 3191 aula

361 3253 458 3326 Saltat
478 3280 487 3326 ε
507 3276 540 3327 et
558 3257 680 3329 Herodi
698 3259 777 3330 festa
795 3259 911 3331 chorea
932 3259 1047 3350 placet.

272 3380 456 3464 Mercedem
473 3393 527 3466 illa
548 3416 642 3488 caput
661 3397 808 3489 Baptistae
826 3401 930 3489 poscit
950 3416 958 3466 ε
981 3397 1132 3489 idemque

358 3531 505 3605 Saltantis
524 3555 601 3606 voto
619 3539 765 3626 protinus
784 3539 944 3608 annuitur.

270 3728 403 3798 Sacrum
421 3727 486 3798 divi
505 3727 647 3799 hominis
665 3731 775 3800 stricto
794 3749 888 3820 caput
907 3747 983 3800 ense
1001 3732 1141 3800 recisum

356 3867 429 3938 Fert
447 3870 540 3939 matri
560 3871 594 3938 iu
614 3873 720 3959 patina
740 3894 823 3940 saeva
841 3871 945 3961 puella
964 3894 1041 3940 suae.

267 4002 350 4074 Proh
368 4002 471 4074 scelus
490 4005 675 4078 infandum!
698 4032 777 4078 nece
796 4007 862 4079 dira
882 4009 1029 4098 plectitur
1047 4013 1171 4094 insons,

355 4140 429 4223 Qui¹
444 4146 557 4235 carpsit
575 4147 664 4217 vetiti
685 4149 805 4216 crimen
827 4146 984 4218 adulterii.
