3038 5204
614 543 813 608 ,ψ-

296 771 343 840 IN
370 766 543 840 OBITUM
569 764 900 839 CHRISTOPHORI
924 764 1130 840 PLANTINI

473 960 821 1018 ARCHITYPOGRAPHI
840 959 946 1018 REGII.

204 1136 311 1208 Sistite
330 1135 481 1225 ploratus,
503 1132 692 1224 lachrymas,
713 1133 920 1226 planctusque
939 1153 1043 1224 poetae
1065 1157 1073 1200 t

292 1275 456 1347 Plautinus
474 1257 549 1344 feni
567 1276 646 1344 vivit
664 1274 749 1364 apud
772 1269 915 1363 superos.

201 1418 279 1488 Non
296 1415 387 1485 illum
407 1414 458 1506 (ut
475 1412 656 1506 quondam)
676 1413 782 1500 febris,
805 1436 872 1483 non
891 1412 1014 1494 hernia,
1037 1411 1143 1493 tussis,

290 1551 419 1621 Colicus
438 1571 491 1621 aut
509 1550 613 1637 dolor,
634 1570 687 1622 aut
707 1549 845 1622 calculus
865 1568 956 1640 urget
975 1567 1077 1619 atrox.

201 1689 379 1762 Defunctus
398 1691 529 1776 morbis,
550 1693 652 1775 senio,
674 1713 758 1774 cura,
780 1710 873 1781 atque
891 1689 1034 1770 Linon,

290 1827 479 1899 Consanum
496 1827 626 1898 tandem
644 1828 814 1918 perfruitur
832 1829 951 1918 requie.

608 2019 644 2086 Iu
669 2038 819 2088 eunoun.

290 2210 428 2280 Plantini
448 2212 593 2298 patriam,
613 2209 757 2279 indolem
778 2229 871 2299 arque
890 2233 1009 2292 mores,

290 2348 324 2417 Si
343 2371 441 2437 quem
458 2369 590 2418 noscere
609 2347 741 2419 forsitan
764 2347 901 2436 juvabit3

223 2514 228 2524 ·
289 2486 505 2574 Expertusque
524 2484 780 2575 domesticusque
805 2483 920 2555 dicam.

289 2619 453 2690 Plantinus
471 2644 587 2710 genere
609 2641 702 2712 atque
720 2640 815 2711 gente
834 2620 956 2704 Gallus,

289 2757 412 2843 Comis,
433 2758 598 2843 candidus,
619 2763 786 2843 innocens,
813 2756 990 2843 modestus,

288 2895 388 2986 Large
408 2896 590 2982 munificuS,
612 2897 707 2966 simul
727 2897 895 2987 benignus,

289 3033 406 3118 Solem,
428 3037 625 3125 ingeniosus,
647 3035 800 3118 eruditus,

289 3172 327 3241 Et
345 3171 516 3242 Consrnns
534 3173 594 3243 luit
612 3193 644 3244 er
660 3176 872 3244 Lusomosus.

290 3307 353 3377 Sed
372 3311 538 3380 notissima
556 3334 597 3379 ne
616 3310 731 3380 referre
753 3333 896 3400 pergam,

289 3444 373 3525 Quae
394 3443 646 3536 chalcographia
665 3469 714 3516 ars
735 3450 809 3517 satis
832 3447 977 3537 probavit
1001 3469 1008 3516 :

289 3584 361 3652 Hoc
380 3582 512 3654 demum
529 3587 627 3673 genio
646 3607 759 3674 precor
777 3586 903 3674 sepulti,

291 3720 420 3792 AEterna
438 3725 614 3812 requiescat
633 3726 666 3793 in
685 3727 805 3813 quiere.

529 3862 639 3951 (Obiit
664 3858 847 3953 Anrverpiae
871 3886 956 3934 anno
973 3894 1164 3936 cramxxcrx.

718 3999 859 4071 kalendis
876 3996 1095 4090 quintilibus.)

618 4286 828 4298 ——-—
