3038 5204
676 541 848 607 ..41-

260 728 415 814 Praesepe,
435 724 530 807 ovile,
551 745 702 812 pascuum
720 720 867 826 frequens
889 717 974 800 obit;

260 865 422 952 irrumpit,
444 860 581 944 invadit3
603 882 700 949 pecus
717 858 853 939 mordet,
877 874 978 926 vorat.

261 1003 374 1085 Pelles,
397 1001 492 1091 pilos,
515 1019 546 1086 et
563 1023 633 1069 ossa
650 998 743 1089 glutit
759 999 891 1085 integra,

261 1137 443 1230 Eademque
463 1161 530 1206 non
548 1155 712 1219 concocta,
733 1133 788 1204 sed
805 1133 901 1203 cruda
919 1134 1028 1221 egerit.

260 1277 409 1343 Proteum
427 1294 524 1357 satur,
545 1274 793 1341 mansuetiorem
811 1295 845 1339 se
863 1268 1000 1338 exhibet.

259 1413 364 1481 Cantu
382 1412 518 1501 fugatur,
540 1430 633 1502 atque
651 1411 801 1501 tympani¹
813 1431 906 1489 sono,

259 1551 346 1618 Dum
365 1574 424 1619 nec
443 1551 581 1638 sagittas,
602 1572 662 1618 nec
682 1551 773 1618 timet
791 1545 956 1616 venabula.

258 1689 421 1770 Annosus,
443 1705 537 1778 atque
556 1705 645 1756 aetate
664 1684 797 1775 plurima
814 1684 927 1772 gravis,

259 1824 444 1908 Edentulus,
465 1843 628 1913 premente
647 1823 768 1912 deperit
785 1821 879 1905 fame,

260 1964 343 2032 Cum
362 1961 443 2032 desit
460 1982 492 2032 et
508 1962 607 2053 quod,
629 1981 661 2031 et
678 1960 773 2030 simul
791 1985 854 2052 quo
874 1958 1027 2029 mordeat.

497 2197 601 2280 Lxxxx,
621 2200 686 2266 sive
705 2197 813 2265 Lupus
832 2195 1030 2264 Cnxvnutus.

256 2400 359 2490 Lynx‚
379 2423 435 2468 seu
454 2401 547 2488 lupus
568 2404 734 2484 cervarius,
754 2399 850 2469 felem
869 2397 966 2467 modo

260 2532 414 2613 Quodam
433 2527 539 2620 refert,
558 2536 637 2604 facie
657 2555 750 2627 atque
770 2538 868 2605 acutis
886 2534 1056 2625 unguibus.

256 2671 377 2740 Alacris
396 2693 454 2757 est,
476 2675 577 2762 capite
596 2673 751 2744 rotundus
771 2699 806 2742 ac
824 2674 942 2757 brevis,

256 2811 433 2903 Oculisque
452 2811 585 2882 blandus
604 2816 740 2882 suaviter
758 2811 963 2902 fulgentibus.

258 2949 316 3018 Est'
329 2971 461 3038 corpore
479 2953 549 3039 ipso
570 2951 695 3040 longior
714 2947 844 3041 quidem
864 2950 952 3039 lupo,

255 3086 332 3155 Non
352 3086 493 3156 cruribus
517 3113 524 3156 :
546 3091 614 3157 visu
634 3108 681 3158 est
700 3108 792 3157 acuto
810 3091 983 3177 perspicax.

257 3225 311 3293 Est
328 3243 451 3315 tergore
469 3228 601 3295 maculis
618 3226 751 3297 refertus
771 3225 956 3317 splendidis,

256 3359 453 3452 Pulchreque
474 3360 630 3433 distinctis
649 3341 729 3435 nitet
748 3364 919 3434 coloribus.

257 3503 388 3571 Astutus
407 3523 438 3571 et
456 3504 549 3572 velox
568 3506 707 3595 agillime
728 3531 824 3596 pecus

256 3639 389 3730 indagat
407 3660 438 3710 et
456 3661 600 3725 venatur,
622 3665 743 3727 enecat,
763 3663 862 3713 vorat.

259 3778 350 3867 Saepe
369 3777 478 3846 arbore
498 3777 649 3848 adscensa
666 3780 753 3864 latet,
775 3805 850 3881 mox
868 3780 972 3852 desilit

258 3916 295 3984 Iu
312 3917 465 3985 transiens
484 3916 709 4008 quodcunque,
730 3923 852 4008 pernix,
874 3920 1062 4010 quadrupes,

260 4054 371 4122 Stratae
389 4054 554 4124 cerebrum
576 4056 768 4148 devoratque
787 4032 894 4127 bestiae

260 4191 402 4279 Majoris,
424 4195 557 4263 intactas
575 4196 758 4286 relinquens
779 4221 905 4267 caeteras
