3038 5204
552 805 746 874 GLORIA
787 803 1065 874 EXITIALIS.

431 1042 500 1113 Quid
508 1043 628 1114 gloriaris
641 1043 669 1094 in
682 1040 790 1106 malitia,
804 1042 848 1112 qui
859 1047 944 1114 potens
957 1056 981 1092 es
993 1041 1022 1092 in
1035 1037 1189 1110 iniquitate?

1108 1156 1268 1215 Pnun.Ln

718 1334 895 1389 Scoxrxrox.

295 1530 333 1600 In
350 1530 511 1601 Venerem
530 1533 631 1619 putris
650 1550 815 1614 scortator,
835 1534 936 1620 turpis
954 1529 1086 1614 adulter,

385 1668 470 1748 Quae
489 1687 520 1737 te
540 1666 723 1738 dementem
742 1670 917 1757 corripiunt
935 1667 1051 1736 furiae?

296 1805 462 1876 Obscoena
481 1826 631 1874 extenuas
649 1806 830 1876 stimulante
849 1806 981 1876 libidine
1000 1778 1126 1895 corpus,
1150 1848 1157 1865 ·

385 1941 547 2027 Bubones‚
570 1943 648 2012 ficos
667 1942 828 2013 contrahis
848 1961 879 2012 et
897 1941 1046 2012 scabiem.

294 2080 449 2172 Prodigus
468 2079 602 2149 oblimas
621 2078 710 2149 foedo
728 2081 918 2169 patrimonia
936 2078 1023 2164 luxu,

381 2219 546 2309 Spurcitiis
566 2219 683 2287 famam
702 2217 917 2310 diminuisque
936 2238 1034 2289 tuam.

292 2358 414 2427 Interea
433 2376 467 2427 ut
486 2356 588 2426 crebri
607 2367 709 2427 coitus
727 2356 786 2427 tibi
803 2358 904 2448 gloria
922 2357 1024 2441 detur,

380 2497 532 2566 Ostentas
547 2497 641 2565 variis
660 2515 692 2565 te
710 2493 880 2564 furibunde
899 2495 992 2585 lupis.

290 2634 445 2706 Naturam
463 2636 565 2705 multo
585 2655 726 2704 teneram
745 2636 915 2703 conamine
934 2652 1036 2703 tentas
1057 2658 1064 2701 :

378 2775 554 2864 Quumque
573 2796 684 2862 parum
703 2791 844 2861 praestes,
865 2775 948 2842 sistis
965 2772 1098 2842 anhelus
1116 2794 1209 2862 opus.

289 2911 347 2980 Vis
365 2930 472 2982 tamen
491 2913 525 2981 in
544 2913 706 2980 Venerem
726 2911 817 2979 miles
836 2935 903 2979 non
922 2913 1028 3001 segnis
1046 2910 1166 2995 haberi,

376 3053 482 3140 Atque
502 3050 596 3118 olidis
613 3049 737 3119 celeber
756 3053 861 3120 vivere
881 3048 1066 3158 fornicibus.

288 3170 401 3259 Nescis
419 3189 496 3278 quid
514 3209 667 3271 scortum,
689 3187 792 3278 pellex
810 3209 842 3258 et
861 3188 978 3278 pallaca
997 3208 1163 3280 quaerant3

376 3327 465 3394 Basia
483 3349 548 3415 quo
566 3346 696 3415 vergant
715 3345 746 3393 et
765 3325 931 3395 simulatus
950 3350 1041 3395 amor
1060 3327 1073 3395 l

288 3463 462 3552 Amplexus
481 3465 629 3533 meretrix
646 3463 760 3533 molles
780 3462 844 3548 dat,
865 3483 897 3534 et
915 3464 1023 3534 oscula
1041 3464 1132 3555 figit3

376 3603 491 3691 Captet
508 3622 543 3671 ut
561 3601 716 3672 illecebris
734 3600 856 3691 perdite
874 3604 1008 3671 amantis
1027 3624 1106 3691 opes
1125 3626 1135 3670 z

290 3739 375 3819 Quae
394 3741 525 3810 simulac
544 3742 619 3810 luxu
638 3741 825 3832 absumptae,
848 3745 881 3810 in
902 3742 1101 3832 nihilumque
1121 3740 1281 3827 redactae3

376 3879 464 3950 Illico
484 3880 576 3971 friget
592 3905 691 3965 amor,
715 3881 814 3972 fitque
834 3881 965 3951 odiosus
984 3905 1105 3950 amans.

288 4072 443 4143 Providus
462 4092 496 4142 ut
514 4075 594 4141 vites
612 4071 763 4155 scabiem,
786 4071 910 4161 probra,
933 4075 1194 4163 pauperiemque,

376 4211 516 4280 Consors
536 4236 599 4281 una
618 4214 664 4279 tui
683 4215 724 4280 sit
744 4210 800 4279 tibi
820 4235 889 4280 cata
909 4214 982 4280 tori.
