3038 5204
632 551 863 631 ³93·-

268 740 366 810 Duris
384 737 550 828 pauperies
568 737 717 806 aerumnis
733 732 895 826 languida,
914 735 1016 825 gignit

355 875 541 946 Demissum
558 892 652 964 atque
670 872 837 958 humilem,
859 895 914 962 spe
932 890 1097 962 pereunte,
1126 872 1281 940 animum.

267 1016 497 1106 Demissusque
516 1012 709 1105 humilisque
728 1015 852 1082 animus
871 1035 983 1102 pacem
1001 1010 1078 1096 edit,
1099 1029 1131 1082 et
1149 1027 1228 1080 atras

356 1153 489 1226 Invidiae
512 1154 668 1244 extinguit
685 1150 871 1243 dissidiique
889 1150 983 1221 faces.

267 1297 332 1366 Pax
349 1293 445 1377 alma,
466 1293 620 1382 ingenuas
638 1291 813 1381 praesertim
831 1313 902 1380 quae
920 1288 1006 1360 fovet
1024 1309 1115 1376 artes,

237 1533 245 1550 ι
356 1432 439 1504 Orbi
458 1429 638 1523 suppeditat
655 1429 794 1522 denique
818 1429 955 1502 divitias.

498 1956 617 2027 VARII
634 1954 852 2027 HOMINUM
876 1953 1048 2028 SENSUS.

264 2172 428 2245 Omnibus
447 2171 532 2243 haud
549 2173 651 2264 possit
668 2195 769 2264 quum
785 2172 929 2263 Juppiter
946 2173 1015 2262 ipse
1038 2170 1173 2262 placere,

264 2314 341 2384 Non
359 2308 509 2404 equidem
525 2313 645 2381 mitum
662 2313 748 2381 senis
767 2330 800 2381 et
817 2311 907 2402 pueri
927 2328 1007 2396 acta,
1027 2309 1153 2400 loquaci

263 2451 412 2521 Morosus
429 2453 513 2522 varie
532 2452 559 2521 si
576 2450 677 2522 rideat
695 2473 750 2521 ore
768 2449 927 2540 popellus.

263 2590 355 2659 Unus
374 2588 462 2680 quod
480 2587 605 2678 probat,
625 2587 688 2659 hoc
705 2587 784 2658 alius
801 2587 968 2694 reprobate
986 2586 1118 2658 laborat.

448 2844 520 2886 PUER
537 2843 619 2886 Penes
638 2844 734 2896 VADIT,
756 2845 841 2887 SENEX
859 2845 944 2888 ASINO
960 2845 1093 2887 VEHITUR.

261 3003 371 3092 Carpit
387 3005 447 3074 iter
464 3001 598 3093 pedibus
616 3027 706 3094 puer,
728 3023 822 3095 atque
841 3004 968 3081 infirma
984 3004 1119 3075 tenellus

261 3143 373 3231 Longe
392 3142 599 3232 progrediens
617 3166 673 3212 sua
692 3141 834 3212 membra
852 3141 959 3212 labore
979 3141 1088 3233 fatigat
1111 3170 1118 3214 :

260 3280 446 3370 intereaque
464 3302 561 3349 senex
579 3281 658 3349 asini
677 3279 810 3350 dorsum
829 3301 976 3372 occupat,
997 3302 1028 3353 et
1047 3282 1105 3367 nil,

261 3419 348 3488 Dum
366 3420 473 3509 segnis
490 3418 628 3505 vehitur,
647 3421 739 3509 pueri
758 3421 924 3491 miseretur
941 3421 1057 3492 euntis.

445 3648 531 3691 srurx
548 3649 631 3691 omns
649 3622 745 3723 onom,
766 3650 837 3692 nunu
855 3649 940 3693 asmo
958 3649 1091 3692 vsurrun.

260 3819 371 3891 Deiiro
387 3820 569 3915 stolidoque
587 3828 656 3895 seni
676 3850 737 3896 nec
755 3850 830 3898 cura
846 3828 954 3899 salutis

260 3963 329 4032 Nec
348 3963 429 4033 ratio
449 3961 541 4033 fessae
557 3963 738 4056 fragilisque
758 3986 805 4037 est
823 3965 887 4036 ulia
905 3984 1041 4036 senectae
1063 3991 1071 4034 ε

258 4099 367 4190 Tergo
384 4101 466 4170 asini
484 4124 620 4191 puerum
636 4103 709 4173 fetri
728 4106 895 4195 permittit,
916 4125 948 4176 et
967 4107 1033 4195 ipse

256 4237 345 4306 Pone
364 4258 500 4326 sequens
519 4239 652 4330 pedibus
671 4239 742 4332 figit
764 4243 898 4335 vestigia
916 4242 1022 4315 lentis.
