3038 5204
675 479 875 544 ,119-

680 660 873 732 chuanrns.

262 809 355 893 Quid
372 814 420 883 vir
437 813 508 886 tulo
524 817 559 886 in
578 840 674 909 equo,
696 818 773 909 quid
792 824 865 912 equi
884 821 956 907 rufi,
976 825 1067 911 varii,
1087 823 1149 895 albi

355 949 438 1036 Sint,
459 972 566 1025 sancte
583 953 721 1040 indiciis,
744 956 868 1047 angele,
890 957 979 1032 disco
997 964 1072 1032 tuis.

671 1142 878 1214 Matienus.

262 1303 341 1375 Dira
360 1305 561 1377 sacerdotum
580 1328 674 1396 carpo
692 1290 818 1397 peccata
839 1309 998 1380 malorum
1020 1332 1028 1375 t
1114 1372 1116 1377 .

352 1443 487 1531 Justitiae
505 1445 608 1544 solem
626 1449 742 1517 nuntio
761 1446 855 1546 corde
874 1447 979 1518 bonis.

690 1630 860 1642 -nu—

455 1750 557 1820 VITA
580 1752 622 1821 D.
646 1752 833 1838 JOANNIS
857 1754 1093 1826 BAPTISTAE.

261 1917 334 1988 Arae
354 1913 520 1988 Zacharias
538 1915 616 1988 dum
634 1941 731 1988 sacrae
748 1919 892 1991 incendit
908 1918 1036 2006 odores,

350 2055 492 2145 Angelus
511 2057 647 2128 attonito
666 2058 740 2128 talia
755 2059 851 2129 verba
869 2058 963 2130 refert
984 2082 990 2127 :

261 2192 312 2264 Ne
332 2194 444 2264 timeas
466 2214 473 2260 :
495 2195 607 2284 pariet,
628 2196 742 2267 sterilis
764 2196 838 2269 licet
858 2198 1022 2284 hactenus,
1044 2222 1134 2270 uxor.

350 2332 428 2402 Haec
447 2333 534 2421 jussu
553 2336 671 2403 summi
688 2336 751 2404 sint
768 2335 825 2405 tibi
844 2334 928 2408 dicta
947 2338 1021 2407 Dei.
1077 2365 1090 2389 ·

261 2518 378 2591 Sedula
395 2520 554 2591 Zachariae
573 2524 605 2591 in
627 2521 761 2592 domurn
780 2522 844 2593 abit
864 2524 976 2607 Maria,
999 2513 1212 2596 Elisabetha'm
1237 2543 1239 2547 ·

348 2658 527 2750 Cognatam
544 2654 685 2750 irirpertit
703 2659 803 2751 Virgo
820 2660 922 2732 salute
940 2665 1044 2732 suam.
1090 2722 1092 2727 .
1119 2667 1122 2710 ἱ
1153 2739 1157 2744 ,
1226 2749 1228 2752 ,

258 2797 366 2869 Infans
383 2798 500 2870 exultat
518 2798 660 2889 gaudens
678 2799 848 2890 genetricis
866 2801 900 2869 in
919 2799 1003 2884 alvu,

347 2940 450 3008 Aures
469 2935 508 3006 ad
526 2937 665 3028 gravidae
685 2961 749 3008 vox
766 2937 958 3028 simulatque
975 2939 1074 3008 venit.

258 3125 438 3198 Elisabetha
455 3150 553 3197 senex
571 3149 707 3216 puerum
726 3128 807 3217 parit
827 3150 836 3195 ι
858 3125 934 3195 hinc
952 3123 1068 3196 domus
1085 3105 1192 3196 omnis

345 3267 517 3357 Vicinique
537 3265 633 3335 simul
651 3263 767 3357 gaudia
784 3265 983 3354 concipiunt.

258 3406 347 3478 Tum
363 3423 490 3494 sumpta
507 3364 634 3495 genitur
651 3405 777 3476 vetulus
795 3424 967 3497 mutusque
985 3402 1111 3492 tabella,

347 3542 474 3627 Scribit,
493 3543 625 3628 Joannis
643 3536 765 3612 nomen
783 3544 842 3612 erit
860 3564 972 3631 puer0.

257 3760 464 3832 Conveniunt
482 3782 569 3829 sacra
585 3746 626 3828 'de
644 3759 779 3848 Virgine
798 3776 890 3826 natus
908 3757 1012 3844 lesus,

344 3900 450 3991 Atque
469 3919 599 3989 parente
618 3920 697 3987 puer
715 3919 808 3968 natus
826 3917 963 3988 utroque
981 3919 1069 3967 sene.

257 4040 384 4111 Divinae
402 4057 554 4129 apparent
572 4040 690 4108 teneris
713 4039 803 4129 signa
821 4027 1048 4108 indolis‘annis
1069 4059 1076 4102 :

344 4177 400 4249 Ille
418 4178 551 4270 quidem
567 4178 656 4248 Deus
675 4197 734 4262 est,
755 4181 814 4246 iste
834 4175 987 4266 propheta
1006 4174 1079 4241 Dei.
