3038 5204
400 922 521 1003 Dani,
541 921 694 1008 Norvegi,
715 918 819 1001 Sueci,
842 916 953 1001 Gothi,
974 917 1036 988 hoc
1054 942 1155 1009 genus
1173 942 1284 1003 omne,

486 1058 584 1146 Cujus
602 1075 670 1126 toto
692 1054 768 1126 orbe
787 1075 834 1125 est
855 1058 981 1146 cognita
1001 1055 1156 1125 barbaries
1175 1082 1185 1140 ;

397 1195 452 1263 Nil
469 1193 563 1263 habet
580 1197 614 1261 in
630 1212 732 1284 gestu,
753 1192 872 1283 lingua,
893 1195 1057 1262 venerisve
1075 1193 1209 1262 solisve:

484 1331 652 1400 Rusticitts
669 1348 758 1399 vasto
777 1353 909 1420 corpore
929 1331 1035 1418 inepta
1053 1347 1150 1419 patet.

396 1468 471 1537 Non
491 1465 648 1550 homines,
663 1465 895 1534 malamonstra
915 1465 1085 1535 hominum
1104 1469 1278 1556 septentrio
1297 1469 1411 1558 gignit.

483 1603 571 1672 Gens
589 1604 705 1686 rabida,
727 1607 887 1688 immanis,
907 1628 1051 1695 saevaque
1071 1607 1252 1696 progenies.

393 1742 479 1809 Hinc
498 1743 679 1830 piratarum,
700 1742 860 1810 latronum
877 1741 976 1810 millia
993 1762 1126 1832 surgunt
1146 1769 1154 1811 ε

482 1879 567 1946 Hinc
586 1878 809 1947 sceleratorum
827 1877 953 1957 sordida
971 1878 1134 1950 colluvies.

395 2064 546 2154 Septem
565 2063 677 2132 harum
695 2065 830 2153 Europae
849 2066 955 2133 minus
975 2066 1119 2156 improba
1137 2069 1223 2137 natio
1241 2092 1315 2158 quae
1336 2072 1387 2154 sit,

481 2201 607 2271 Librate
627 2224 734 2273 exacta
752 2207 778 2273 si
797 2207 919 2274 ratione
936 2206 1014 2275 velis
1036 2232 1043 2274 :

394 2341 496 2429 AEqua
514 2365 587 2409 cum
605 2344 688 2410 vitiis
706 2345 836 2412 virtutes
854 2342 957 2431 pende
977 2342 1116 2429 bilance3

481 2479 631 2561 Examen,
653 2479 762 2562 lector,
782 2503 929 2570 spernere
948 2479 1024 2550 nolo
1044 2501 1148 2551 tuum.

807 2743 991 2800 EPILOGUS·

789 2907 1008 2965 Cnuuuurnron.

610 3076 778 3164 Europae
796 3074 932 3165 populos
953 3073 1055 3144 bonos
1074 3073 1253 3164 probosque

522 3213 649 3284 Obnixe
668 3213 762 3282 simul
781 3213 833 3282 hic
851 3212 947 3283 velim
964 3234 1103 3304 rogatos,

520 3355 583 3436 Ne,
605 3351 759 3442 quidquid
778 3351 920 3441 reprobis
938 3353 1091 3443 malisque
1109 3353 1185 3436 dixi,

519 3489 555 3559 Id
574 3490 694 3559 dictum
711 3489 770 3558 sibi
790 3510 938 3560 censeant
958 3493 1093 3560 sinistre.

611 3628 678 3707 Qui
698 3627 812 3696 delicta
831 3628 1000 3696 hominum
1018 3627 1151 3698 tacenda
1167 3628 1276 3713 credit,

519 3772 657 3840 Multum
676 3769 893 3861 decipiturque
911 3769 1101 3861 falliturque.

520 3912 564 3980 Ut
581 3933 712 4001 pravum
730 3933 748 3978 a
766 3911 850 3978 vitiis
867 3907 970 3997 pudor
987 3907 1127 3993 reducat,

520 4051 601 4119 Sunt
618 4047 719 4139 planis
737 4045 812 4117 vitia
830 4044 989 4134 arguenda
1005 4044 1121 4116 verbis.

803 4289 984 4301 “nn-n·—
