3038 5204
626 494 802 560 ..40-

212 681 267 749 Est
285 701 420 768 magnus
439 675 528 745 bovis
546 677 653 757 instar,
675 676 774 744 instar
791 677 856 744 ursi

212 817 354 887 Villosus
375 841 383 883 ε
404 815 531 905 quoties
549 811 627 880 libet
644 810 786 880 colorem

214 954 336 1035 Mutat3
356 950 392 1019 fit
408 949 516 1018 viridis
535 946 647 1030 modo,
667 945 766 1017 modo
784 945 885 1028 albus,

215 1091 295 1158 Mox
312 1088 423 1170 flavus,
444 1085 549 1169 ruber,
571 1106 602 1155 et
622 1083 758 1154 subinde
776 1083 895 1167 fuscus,

214 1230 351 1298 Vertens
370 1229 409 1312 in,
422 1227 522 1295 varias
540 1224 622 1315 pilos
640 1223 767 1314 figuras,

216 1367 261 1435 Ut
277 1383 450 1434 venantum
468 1362 578 1432 oculos
596 1384 774 1451 manusque
795 1359 879 1429 fallat
899 1385 907 1427 ι

217 1502 336 1569 Murini
353 1500 477 1589 proprie
497 1516 544 1566 est
562 1517 670 1566 tamen
688 1495 815 1566 coloris.

217 1633 399 1702 Thoracem
417 1631 477 1701 sibi
496 1653 659 1722 comparat
678 1631 799 1702 tarandi

219 1774 265 1841 Ex
283 1771 361 1840 dura
378 1769 674 1861 impenetrabilique
685 1768 768 1859 pelle

220 1909 326 1993 Miles,
346 1909 466 1999 spicula
483 1932 548 2000 quo
566 1908 697 1998 repellat
715 1910 811 1977 ensis.

671 2142 792 2209 Lupus.

222 2359 331 2448 Lupus
348 2382 456 2441 vorax,
478 2361 620 2450 agrestis,
640 2361 787 2444 immitis,
806 2360 902 2444 ferus,

223 2496 394 2581 Cruentus,
416 2520 506 2586 asper
525 2516 557 2565 et
574 2520 685 2586 rapax3
707 2498 888 2567 simillimus

224 2634 309 2702 Cum
327 2635 367 2702 sit
385 2636 467 2717 cani,
489 2634 633 2703 silvester
652 2655 699 2704 est
718 2635 821 2706 dictus
839 2639 937 2706 canis.

224 2771 434 2861 Amplissimo
453 2773 547 2855 rictu,
568 2795 623 2841 ore
643 2770 774 2842 diducto
792 2776 900 2843 minax
919 2798 927 2840 :

225 2910 318 2980 Collo
338 2910 441 2981 brevis
460 2935 647 3002 pressusque
670 2937 677 2978 :
699 2910 820 3001 rigidus
839 2936 983 3002 corpore,

225 3052 319 3141 AEgre
337 3070 453 3140 potest,
473 3075 604 3142 quoquo
621 3052 709 3136 velit,
730 3075 763 3120 se
781 3052 920 3120 flectere.
1020 3129 1022 3134 ,

225 3191 330 3260 Nocte
349 3214 437 3274 acer3
460 3211 507 3260 ast
526 3190 659 3260 obtusus
678 3210 725 3260 est
743 3191 826 3273 visu,
848 3188 911 3258 die.

227 3328 260 3394 Si
278 3324 357 3394 forte
377 3349 572 3417 quemquam
591 3325 769 3417 adspexerit
787 3327 952 3395 hominem
971 3329 1067 3416 prior,

227 3465 335 3546 Hunc,
356 3487 436 3533 voce
457 3464 616 3554 adempta,
639 3488 715 3532 mox
732 3464 819 3534 velut
836 3483 963 3534 mutum
984 3463 1069 3534 iacit.

138 3626 141 3633 ’
227 3606 277 3673 Fit
295 3606 375 3693 ipse,
396 3606 482 3673 visus
502 3605 540 3674 ab
560 3605 691 3674 homine
711 3606 809 3694 prior,
831 3604 954 3673 debilis.

229 3745 370 3833 Urgente
389 3747 478 3814 saevit
497 3765 528 3814 et
546 3744 620 3814 furit
638 3745 726 3813 ferox
742 3744 825 3812 fame
847 3770 854 3811 ε

229 3883 407 3951 Dirissimis
428 3882 589 3974 ululatque
610 3903 697 3952 atrox
716 3881 917 3951 clamoribus.

231 4018 366 4087 Terram
385 4040 486 4103 vorat,
507 4020 647 4109 praedam
666 4022 811 4089 invenire
830 4020 856 4085 si
876 4019 998 4108 nequit.

232 4156 382 4224 Escarum
400 4155 515 4226 odores
534 4160 667 4247 percipit
684 4155 881 4245 longissime.
