3038 5204
716 490 886 558 -35-
988 551 989 554 ,

292 668 443 741 Concidit
461 672 529 760 ipsa
544 669 640 739 simul
657 669 735 754 fera,
756 661 910 760 humique
928 672 1063 740 immota
1080 667 1267 738 recumbens

290 809 340 876 Fit
357 809 501 879 venatori
518 831 646 877 summo
663 807 850 878 discrimine.
865 806 982 898 praeda.

289 945 435 1016 Decidua
452 948 580 1031 amittit,
601 949 686 1017 cervi
704 948 814 1030 instar,
835 968 955 1040 cornua
971 962 1098 1033 sponte.

288 1084 488 1178 Deliquium,
509 1105 541 1158 et
555 1086 705 1157 morbum
722 1088 838 1176 patitur
855 1109 995 1176 persaepe
1012 1082 1180 1155 caducum.

286 1225 374 1295 Alcis
391 1225 536 1296 thoraces
556 1224 685 1296 densata
702 1223 841 1315 expelle
861 1242 1022 1314 parantur,

288 1364 373 1470 Quae
391 1364 523 1454 pluvias,
544 1365 723 1456 gladiorum
742 1368 836 1442 acies,
859 1385 890 1437 et
909 1362 1028 1454 spicula
1046 1365 1172 1434 sistunt.
1266 1376 1269 1381 '

737 1626 861 1696 Ttoms.

282 1858 394 1929 Bellua
411 1860 561 1945 crudelis,
580 1885 674 1947 saeva,
695 1862 864 1947 indomita,
878 1885 997 1953 aspera,
1019 1866 1120 1955 tigris,

281 1999 321 2068 Et
339 1996 525 2083 furibunda,
543 2000 643 2086 ferox,
662 2020 745 2086 trux,
766 2003 890 2092 pernix,
912 2025 1046 2093 corpore
1064 2001 1167 2085 firma,

279 2134 322 2202 Vi
340 2134 437 2204 simul
454 2157 486 2206 et
504 2160 598 2208 cursu
617 2157 743 2228 superat
761 2164 862 2230 genus
880 2164 978 2210 omne
995 2140 1133 2211 ferarum
1153 2165 1161 2208 ε

278 2271 371 2360 Saepe
389 2271 589 2362 elephantem
607 2276 713 2365 ipsum
732 2274 876 2346 violento
894 2276 1009 2346 robore
1026 2276 1136 2345 vincit.
1157 2338 1161 2347 .

275 2409 401 2478 Dicitur
417 2410 452 2479 in
470 2413 580 2500 primis
597 2412 710 2482 similis
728 2432 827 2484 torvae
845 2437 914 2483 esse
931 2412 1040 2483 leaenae
1060 2438 1068 2480 :

275 2543 339 2614 Sed
357 2549 454 2634 varin,
475 2549 571 2639 virgis
590 2548 747 2636 distincta,
767 2550 958 2620 versicolore

273 2683 360 2752 Pelle
378 2682 504 2770 decora,
523 2685 604 2755 feras
622 2690 728 2777 specie
746 2691 792 2757 sic
810 2707 936 2778 praestat
954 2707 985 2757 et
1002 2689 1100 2757 anteit

271 2821 393 2912 Insigni
411 2821 559 2913 reliquaS,
580 2823 697 2913 plumis
716 2845 751 2896 ut
770 2848 851 2914 pavo
869 2824 1022 2895 volucres.

721 3084 839 3154 Uusus.
860 3168 863 3175 Ι

269 3313 370 3381 Ursus
390 3312 498 3404 (turpe
517 3314 644 3399 animal,
664 3320 788 3406 pituita,
808 3316 943 3387 humore
962 3317 1154 3403 redundans,

265 3448 395 3520 Pondus
407 3453 512 3535 iners,
531 3451 688 3542 crassum)
707 3453 872 3524 confidens
890 3454 1022 3538 viribus,
1045 3453 1158 3540 audax,
1262 3478 1264 3481 ’

264 3592 409 3677 Astutus,
430 3616 545 3676 saevus,
566 3591 665 3662 multa
684 3591 804 3662 feritate
824 3594 1005 3684 malignus3

261 3730 423 3821 Intrepide
441 3732 622 3824 aggreditur
639 3757 781 3818 cervum,
802 3755 992 3827 taurumque
1010 3760 1176 3827 suemque,

261 3865 416 3959 Oblongo
433 3867 591 3939 horribilis
610 3889 724 3954 rostro,
745 3870 891 3941 dentatus
909 3873 1080 3963 utrinque3
1119 3939 1127 3953 ‚

259 4002 429 4094 Unguibus
446 4027 595 4092 armatus,
616 4006 742 4077 mordet
759 4008 916 4100 laniatque
936 4009 1088 4080 valenter.

257 4140 402 4232 Deglutit
420 4146 541 4228 carnes,
564 4145 628 4213 mel
647 4166 679 4216 et
698 4146 823 4231 herbas,
844 4146 1057 4238 arboreosque
