3038 5204
264 713 427 781 LUSUS
461 715 513 782 IN
547 713 749 782 SEPTEM
782 711 947 781 ARTES
987 713 1279 782 LIBERALES.

660 990 666 1005 .
676 947 868 1004 PROLOGUS.

484 1120 578 1190 Adsis
596 1122 746 1210 magister
765 1122 894 1203 artium,

485 1257 651 1348 Opusculo
670 1257 741 1327 rudi
761 1256 830 1326 fave
851 1283 858 1324 :

484 1397 528 1465 Ut
546 1395 682 1465 liberum
699 1399 739 1466 sit
757 1396 877 1481 ludere,
907 1480 909 1485 ,

482 1536 560 1604 Non
579 1560 684 1622 usum,
705 1533 840 1604 abusum
859 1538 1029 1626 carpimus.

609 1748 716 1814 Ausus
735 1766 860 1815 nomem
879 1749 932 1816 III.

665 1939 883 1995 Gmmmnrtcus.

262 2115 496 2185 Grammaticus
515 2139 627 2200 graece,
650 2113 737 2204 quod
755 2134 884 2183 tractem
903 2133 1089 2203 grammata,
1112 2111 1212 2182 dicor.

350 2255 546 2344 Principium
564 2252 661 2321 studii
678 2252 792 2335 littera,
813 2275 966 2342 gramma,
988 2253 1065 2319 mei.

262 2389 386 2479 Syllaba
403 2390 616 2481 subsequitur,
638 2389 832 2479 collectaque
851 2407 1025 2478 grammata
1043 2391 1140 2457 nectit
1161 2414 1169 2456 :

237 2564 240 2571 ι
349 2529 408 2596 His
426 2526 521 2596 simul
540 2528 721 2616 assumptis,
744 2525 840 2594 dictio
859 2544 925 2593 tota
942 2527 1041 2595 venir.

232 2739 235 2744 ,
261 2664 393 2754 Singula
412 2688 468 2754 per
487 2687 582 2732 senos
600 2663 731 2732 declino
746 2665 878 2731 nomina
895 2687 984 2732 casus
1007 2689 1014 2730 ε

348 2804 496 2893 Conjugo
515 2801 609 2871 verba
628 2802 746 2885 modis,
769 2804 908 2892 conjugo
928 2801 1136 2891 temporibus.

258 2943 406 3030 Denique
424 2938 615 3029 multiplices
633 2941 679 3008 sic
698 2958 849 3007 construo
868 2960 899 3008 et
917 2938 1032 3008 ordino
1051 2939 1181 3023 formas,

347 3080 391 3148 Ut
409 3079 490 3147 nihil
509 3077 636 3147 absurdi
655 3103 760 3149 sermo
778 3079 893 3148 referre
911 3099 1017 3170 queat.
1054 3097 1057 3103 “

258 3220 369 3288 Artem
388 3215 547 3285 scribendi
567 3235 664 3301 recte,
684 3236 833 3306 recteque
852 3216 1017 3307 loquendi,
1051 3248 1055 3253 ·

347 3357 460 3434 Quum
476 3355 570 3424 fuerit
589 3378 713 3445 magnae
732 3356 871 3425 condere
892 3357 987 3426 molis
1006 3381 1087 3447 opus
1099 3382 1111 3437 ,ς

258 3498 322 3567 Res
340 3498 435 3565 etiam
453 3492 570 3564 assidui
590 3513 648 3578 est,
670 3494 757 3563 illam
775 3519 909 3578 servare,
931 3494 1069 3579 laboris3

344 3636 433 3703 Dum
448 3632 517 3702 vult
534 3631 662 3701 arbitrio
680 3655 811 3722 pergere
831 3634 965 3724 quisque
983 3657 1054 3702 sun.

203 3749 207 3755 .
257 3771 423 3842 Sectantur
440 3769 587 3839 Plautum
603 3768 708 3853 multi,
729 3768 836 3858 plures
854 3769 1074 3838 Ciceronem:
1137 3858 1140 3862 Ι

343 3912 404 3979 His
423 3934 517 3995 nova,
538 3930 648 3980 contra
665 3910 726 3979 illis
745 3910 843 3979 dictio
863 3911 964 3999 prisca
981 3908 1094 3999 placet.

246 4023 341 4117 ¹Hinc
360 4049 478 4118 tetricae
496 4049 577 4133 lites,
599 4048 674 4116 hinc
693 4046 940 4138 grammaticalia
958 4044 1050 4114 bella.

343 4186 501 4255 Bellamus
516 4186 630 4270 verbis,
651 4187 707 4255 sed
727 4189 795 4254 sine
814 4185 1008 4256 verberibus.
