3038 5204
701 522 854 593 ..5-

261 701 412 770 Nominis
429 719 461 769 et
478 700 562 769 tituli
579 718 704 768 tantum
723 702 853 788 jactator
871 705 974 772 inanis
991 730 1001 788 ;

348 835 480 919 Praedo,
502 856 671 925 stuprator,
692 855 763 906 trux
785 837 958 924 homicida,
980 839 1080 924 latro;

262 975 449 1059 Ostentum,
468 997 504 1043 ac
522 975 581 1044 toti
599 992 779 1042 monstrum
800 974 944 1044 mirabile
963 974 1085 1045 mundo

348 1112 429 1196 Fiet,
450 1113 532 1181 etin
550 1111 619 1181 vitii
637 1128 765 1199 proruet
782 1133 881 1179 omne
897 1112 1025 1200 genus?

261 1249 294 1319 O
312 1249 434 1333 Franci,
455 1246 578 1333 Franci,
598 1272 669 1339 quae
686 1271 745 1317 vos
764 1246 924 1318 dementia
941 1247 1046 1339 adegit

348 1389 497 1478 Regnum
515 1388 676 1457 intestinis
695 1385 825 1475 perdere
844 1384 982 1456 dissidiis
1004 1412 1012 1454 ε

260 1527 365 1616 Atque
383 1523 434 1593 die
453 1524 528 1595 divo
548 1526 603 1615 qui
620 1524 718 1592 festus
736 1524 982 1608 Banholomaeo,

347 1660 473 1731 Dedere
492 1659 611 1731 crudeli
630 1659 729 1729 millia
746 1660 846 1732 multa
864 1664 934 1731 neci
957 1687 964 1730 :

260 1801 299 1870 Et
315 1798 402 1869 nulla
419 1802 531 1885 aetatis,
559 1824 689 1868 sexusve
708 1799 815 1870 habita
832 1803 967 1886 ratione,

350 1938 513 2028 Sanguine
531 1937 617 2007 civili
637 1937 869 2006 commaculare
889 1939 1025 2007 manus?

260 2080 336 2147 Post
355 2078 451 2146 etlam
468 2077 651 2163 Antwetpae
669 2074 824 2164 populum
843 2079 1085 2166 emporiumque
1105 2073 1239 2157 celebre,

346 2212 480 2284 Foedere
498 2212 639 2303 dirupto,
659 2215 793 2302 turpiter
811 2214 1014 2303 opprimere?

259 2351 407 2439 Creditis,
428 2354 546 2436 insani,
571 2351 673 2422 scelus
692 2351 794 2420 ullum
812 2354 949 2442 impune,
963 2353 1121 2443 relinqui;

346 2494 542 2583 Somniaque
559 2493 669 2561 aeterni
687 2490 803 2580 judicia
822 2514 890 2559 esse
908 2491 998 2558 Dei?

258 2629 387 2700 Guisius
404 2632 440 2699 in
457 2628 616 2700 celebrem
635 2648 829 2698 conventum
849 2653 867 2695 a
885 2651 959 2718 rege
977 2647 1120 2712 vocatus,

344 2769 499 2837 Instinctu
516 2769 600 2857 regis
618 2765 739 2836 tollitur
758 2787 775 2832 e
796 2764 917 2834 medio.

258 2907 327 2976 Rex
343 2906 431 2976 idem
449 2909 605 2976 Henricus
623 2905 717 2995 paulo
736 2924 809 2994 post
826 2904 973 2974 insidiosi

277 3075 280 3079 ’
345 3042 484 3113 Occulto
503 3045 645 3112 moriens
662 3065 738 3110 ense
757 3041 840 3111 cadit
859 3040 1021 3110 monachi.

258 3179 339 3251 Sunt
356 3182 497 3251 intestini
517 3181 584 3251 dira
603 3179 672 3249 haec
689 3177 846 3269 stipendia
864 3178 949 3262 belli,

343 3321 495 3409 Justaque
512 3343 636 3389 vesanae
655 3319 785 3408 praemia
802 3315 955 3407 perfidiae.

257 3499 435 3569 Summus
454 3503 606 3591 justitiam
623 3500 726 3589 Judex
743 3519 867 3570 exercet
885 3502 920 3567 in
941 3523 1067 3583 omnes,

345 3640 547 3728 Prospiciens
566 3638 667 3710 oculis
685 3663 775 3730 aequa
793 3659 824 3708 et
843 3641 953 3729 iniqua
972 3639 1051 3706 suis'
