3038 5204
675 537 720 553 -
744 500 805 570 118
827 535 873 552 ·-

704 705 835 772 Arous.
924 720 928 727 ·

263 903 331 974 Vos
349 924 410 994 ego
427 899 585 971 Idumaeos
604 914 636 967 et
654 913 766 986 gentes
783 915 880 986 arguo
901 918 909 962 ε
929 890 1022 962 vobis

350 1039 475 1112 Nuntio
492 1034 668 1110 luctificum
686 1029 838 1124 providus
856 1031 1040 1122 imperium.

715 1229 828 1315 Jortns.

266 1430 296 1497 Α
314 1445 386 1497 cero
404 1423 569 1513 absorptus
587 1422 671 1492 lateo
689 1437 862 1509 noctesque
882 1416 1014 1507 diesque

355 1560 434 1631 Tres
452 1579 562 1631 ventre
581 1559 614 1627 in
633 1557 728 1647 piscis
748 1581 757 1624 :
778 1574 848 1624 tum
866 1553 1009 1624 Niniven
1025 1555 1135 1624 venio.
1184 1590 1188 1594 -

691 1746 858 1816 Mrcnrrm.

270 1939 405 2031 Plango,
426 1959 457 2010 et
475 1958 510 2008 ut
527 1937 621 2007 Israel
639 1956 781 2008 moestus
804 1957 945 2021 mecum,
969 1956 1062 2026 rog0,
1082 1934 1220 2026 plangat.

360 2074 479 2146 Christi
497 2093 615 2159 ortum,
637 2094 668 2144 et
686 2075 793 2164 magni
811 2075 895 2165 jussa
918 2070 1025 2141 revelo
1045 2070 1121 2141 Dei.

710 2267 848 2338 Nnrron.

275 2460 409 2550 Expono
427 2460 569 2529 Niniven
588 2479 714 2529 maneat
733 2482 804 2549 quae
822 2483 920 2550 poena
943 2460 1098 2551 relapsam
1120 2487 1127 2529 :

363 2594 575 2666 Evertendam
593 2598 645 2665 aio
662 2595 807 2667 funditus
827 2600 1002 2689 Assyriam.

699 2793 868 2864 Hemone.

281 2980 331 3052 Te
348 2981 503 3072 Babylon,
523 2981 679 3073 Babylon,
699 3001 730 3051 te
749 3002 793 3068 te,
814 2983 964 3054 Chaldaee
983 3005 1131 3076 tyranne.

370 3123 479 3213 Arguo
500 3142 508 3189 t
531 3124 613 3201 atin
632 3121 774 3211 psalmis,
795 3141 838 3207 te,
860 3116 947 3193 Deus
967 3124 1060 3211 alme,
1083 3150 1188 3197 cano·

692 3333 886 3405 sornonns.

284 3525 469 3598 Vindictam
488 3529 618 3598 minitor
639 3552 646 3596 :
668 3550 788 3598 moneo
805 3528 988 3617 resipiscere
1010 3549 1136 3618 pravos.

375 3665 429 3735 Est
447 3665 582 3736 Domini
601 3664 694 3737 velox
712 3685 744 3734 er
764 3687 874 3754 prope,
899 3664 983 3750 dico,
1005 3664 1085 3736 dies.

720 3879 874 3946 Acoreus.

286 4066 420 4157 Increpo
438 4066 566 4154 judaeos
584 4068 740 4157 templum
758 4071 931 4138 instaurare
950 4089 1109 4141 morantes
1130 4097 1137 4139 :

376 4206 420 4274 Ut
438 4225 620 4295 properent,
642 4205 751 4276 multis
770 4205 898 4275 sedulus
916 4208 1000 4276 insto
1021 4206 1138 4277 modis.
