3038 5204
696 565 741 581 ..
762 530 805 616 7⁸
828 566 873 582 .-

518 758 663 827 Anseres
680 776 864 827 cutuurun
884 779 925 827 ts
942 758 1041 828 Iunis.

270 996 426 1065 Anserem
442 1015 598 1086 agrestem
616 995 709 1065 undis
728 999 811 1085 capit
829 999 864 1065 in
882 995 1103 1087 stagnantibus
1121 994 1232 1066 Indus.

270 1134 341 1223 Ipse
359 1131 520 1203 cucurbita
538 1132 632 1205 habet
651 1155 771 1206 tectum
787 1156 892 1227 caput,
912 1135 1133 1228 illecebrisque

269 1270 377 1341 Allicit
397 1295 405 1338 ε
426 1273 568 1341 esuriens
587 1296 679 1342 anser
696 1275 772 1343 visae
789 1274 909 1344 involat
928 1298 1023 1344 escae.

269 1406 366 1478 ludus
384 1429 566 1500 pascentem
585 1410 667 1481 facili
686 1413 769 1501 capit
787 1429 852 1480 arte
871 1409 1047 1480 volucrem.

452 1707 627 1779 Conu1cun
645 1730 686 1778 ur
705 1730 900 1780 srunuonuu
919 1731 1103 1781 incursuri.

270 1949 441 2021 Comicem
459 1955 492 2021 in
512 1975 625 2042 campo
643 1952 718 2044 ligat
736 1976 850 2043 auceps
872 1973 879 2020 :
900 1951 1086 2023 vociferanti

267 2086 452 2158 Advolitant
470 2090 551 2174 aliae,
574 2113 651 2181 quas
668 2089 730 2159 fixa
749 2091 816 2160 haec
836 2115 898 2159 una
915 2066 1070 2160 ¹rnoratur.

267 2225 421 2295 Funiculo
439 2245 567 2296 sturnus
584 2229 702 2299 viscato
722 2229 899 2298 annectitur
921 2252 929 2296 t
950 2227 1011 2298 alte

266 2362 354 2432 Dum
371 2363 467 2449 volat,
489 2385 698 2456 approperant
717 2365 769 2434 alii
792 2390 799 2433 ε
820 2368 971 2456 viscoque
989 2382 1152 2434 tenentur.

475 2668 691 2736 Prcueonuu
709 2687 778 2736 cuir
796 2687 932 2737 sununs
953 2687 1075 2738 nucui.

266 2913 408 3002 Pygmaei
427 2913 538 3001 capris,
559 2914 669 2980 ovium
687 2912 891 3004 maribusque
911 2912 1085 2996 vehuntur,

267 3049 411 3120 Arcubus
430 3071 463 3121 et
479 3051 550 3120 telis
569 3053 693 3135 armati,
713 3050 832 3120 fervida
851 3053 987 3122 miscent

267 3187 378 3258 Praelia
397 3212 471 3258 cum
489 3187 620 3280 gruibus
643 3215 650 3257 ε
672 3190 776 3280 pullos
796 3192 902 3259 avium
922 3194 1046 3282 obaque
1066 3189 1213 3281 perdunt.

268 3328 388 3419 Aspera
405 3327 578 3419 pugnando
597 3327 700 3398 clades
718 3328 851 3398 infertur
871 3331 1031 3419 utrinque.
1057 3408 1059 3414 A

497 3578 574 3644 Avis
592 3576 691 3647 lunias
710 3596 844 3645 erscuus
863 3595 1056 3645 usinuuun.

267 3817 397 3883 Anseris
415 3816 511 3883 instar
528 3836 619 3882 avem
638 3811 713 3880 lelix
731 3807 825 3878 habet
844 3807 945 3890 India,
968 3809 1082 3896 pisces,

267 3952 421 4023 Funiculo
440 3950 578 4042 ingluvie
598 3949 754 4032 adstricta,
777 3970 848 4038 quae
867 3945 1021 4035 prendere
1040 3948 1131 4016 novit
1151 3973 1159 4016 ε

267 4093 344 4162 Non
363 4090 488 4182 glutire,
509 4088 564 4159 sed
583 4092 617 4159 in
635 4088 716 4178 ripas
736 4083 854 4154 adferre
874 4087 1079 4175 propinquas,

268 4236 435 4319 Euomere‚
457 4251 549 4320 atque
568 4231 655 4301 Indis
673 4233 793 4301 victum
814 4227 955 4298 conferre
973 4231 1084 4318 perita.
