3038 5204
715 119 892 185 ...26-

298 320 331 391 Si
350 338 451 391 cesset
469 337 593 404 natura,
613 317 694 389 nihil
713 317 873 391 medicina
891 319 1023 411 juvabit,

387 457 434 527 Sit
448 456 522 528 licet
540 458 656 529 exactis
673 455 726 527 illa
743 476 849 548 parata
868 455 988 529 modis.

300 595 369 666 Nec
387 592 604 684 magnifacio,
625 596 721 679 vivat,
743 598 896 667 moriatur
916 620 956 666 an
974 621 1069 688 aeger.

388 734 474 802 Hinc
486 731 659 817 medicum,
671 756 737 802 non
750 757 815 819 me,
830 734 960 827 lausque
973 735 1189 829 probrumque
1201 758 1324 809 manet.

299 901 456 992 Insipiens
474 897 630 989 quidquid
649 897 760 968 delirat
778 896 1056 989 pharmacopoeus,

386 1038 506 1111 Omnis
524 1039 558 1106 in
578 1038 740 1106 insontem
758 1036 851 1125 culpa
868 1035 951 1106 cadit
970 1036 1145 1109 medicum.

330 1474 588 1546 ANIMALIA
623 1474 1006 1555 QUADRUPEDIA
1042 1473 1298 1549 VIVIPARA

485 1688 584 1738 vualo
606 1688 779 1738 CARMINUM
802 1687 927 1737 GENERE
950 1686 1137 1737 pesclum.

776 1856 844 1913 Lao.

301 2033 371 2102 Rex
389 2031 441 2102 leo
462 2029 715 2123 quadrupedum,
736 2031 887 2102 dominus
905 2035 1114 2122 princepsque
1140 2031 1284 2103 ferarum
1304 2060 1315 2118 3

299 2171 337 2239 In
356 2171 447 2240 terris
465 2171 582 2241 animal
601 2194 665 2262 quo
683 2194 751 2240 non
769 2172 954 2261 generosius
975 2169 1098 2254 ullum3

299 2306 425 2392 Audax,
445 2307 592 2393 crudelis,
614 2308 750 2394 fervens,
772 2311 936 2379 animosus
955 2330 987 2379 et
1006 2333 1089 2394 acer,

301 2447 445 2536 Corpore
464 2445 624 2533 robustus,
645 2448 791 2539 colloque
813 2449 972 2538 armisque
990 2445 1127 2537 jubatus,

303 2585 388 2655 Pelle
407 2588 529 2656 micans
548 2585 644 2671 fulva,
665 2585 748 2655 villis
766 2582 968 2655 horrentibus
986 2584 1112 2669 birtus;

303 2724 412 2796 Cauda
430 2745 462 2796 et
479 2725 596 2810 fronte,
617 2727 714 2795 animi
733 2724 861 2795 rabidus
880 2725 932 2795 dat
950 2725 1041 2815 signa
1060 2724 1175 2795 ferocis
1196 2748 1204 2793 :

276 2856 279 2862 ¹
304 2867 443 2956 Aspectu
462 2885 570 2936 torvus
591 2890 600 2934 ε
621 2867 691 2935 visu
710 2865 889 2954 speculator
906 2885 1016 2935 acutus
1037 2890 1045 2934 ε

304 3003 428 3072 Somno
446 3002 549 3071 oculis
566 3001 679 3071 fruitur
697 3002 827 3071 modico
847 3001 1020 3071 insidiosus
1039 3003 1167 3092 apertis.

304 3140 473 3232 Unguibus
491 3141 614 3227 incidit,
635 3141 742 3226 laniat,
764 3140 911 3229 discerpit
929 3137 1072 3209 aduncis.

302 3280 458 3369 Impastus
477 3279 582 3348 fremit
599 3303 634 3348 ac
653 3281 755 3369 rugit3
776 3296 945 3368 pastusque
963 3276 1107 3347 m'odeste

303 3416 345 3488 Se
363 3417 456 3506 gerit,
478 3417 636 3485 innocuus
654 3414 816 3504 bilemque
833 3416 977 3504 iramque
995 3416 1141 3485 remittit.

301 3555 416 3646 junior
433 3555 574 3643 impertit
591 3572 702 3623 nactus
719 3550 898 3622 senioribus
917 3575 1045 3638 escam3

302 3694 432 3764 Naturae
451 3695 602 3763 instinctu
621 3691 733 3761 doctus
752 3692 872 3760 nutrire
890 3709 1048 3780 parentes

303 3832 372 3908 Nec
391 3832 498 3905 minor
516 3832 550 3898 in
569 3828 689 3904 catulos
708 3851 798 3897 amor
815 3845 862 3896 est
884 3851 891 3895 τ
913 3851 993 3918 quos
1012 3851 1139 3917 pascere
1158 3828 1261 3900 multo
