3038 5204
690 551 867 621 ..17..

266 737 349 806 Rem
367 731 498 818 faciunt,
519 733 633 823 opibus
652 737 834 826 quicunque
853 735 1001 806 fruuntur
1017 739 1146 827 opimis.

352 871 486 965 Afflictis
505 869 602 940 donas
620 870 766 960 improbe
785 896 885 961 pauca
901 872 1001 942 labor.

559 1109 727 1166 Comacrou
745 1110 989 1167 Treoomefflcus.

266 1281 376 1354 Officii
395 1304 442 1354 est
459 1285 559 1355 nostri
577 1283 731 1354 mendosa
750 1303 849 1353 errata
869 1283 1022 1354 librorum

353 1423 530 1514 Corrigere‚
551 1441 645 1513 atque
664 1424 730 1491 suis
749 1445 844 1511 prava
863 1441 975 1492 notare
995 1422 1085 1493 locis.

264 1562 334 1645 Ast,
354 1584 451 1651 quem
469 1560 626 1630 scribendi
646 1559 813 1629 caco'e'thes
830 1581 933 1646 vexat,
955 1563 1081 1651 ineptus

352 1697 494 1783 Ardelio,
514 1700 598 1769 vitiis
615 1698 819 1790 barbarieque
838 1699 937 1786 rudis,

263 1837 403 1907 Plurima
420 1838 650 1928 conglomerat,
672 1838 838 1929 distinguit
855 1863 967 1928 pauca,
988 1839 1090 1908 lituris

353 1975 526 2062 Deformat
538 1977 672 2063 chartas,
693 1980 871 2068 scriptaque
890 1977 1113 2047 commaculat.

262 2115 340 2185 Non
357 2139 478 2184 annum
496 2118 612 2205 premit
629 2117 663 2184 in
682 2140 817 2201 nonum,
840 2139 907 2186 non
925 2117 1045 2206 expolit
1063 2136 1128 2187 arte
1151 2140 1158 2184 :

351 2253 414 2324 Sed
429 2254 538 2346 vulgat
554 2256 697 2345 properis
715 2257 841 2325 somnia
859 2280 939 2326 vana
956 2257 1050 2347 typis.

229 2486 236 2499 ·
262 2392 348 2472 Quae
366 2412 535 2483 postquam
553 2392 651 2477 docti,
672 2395 774 2462 Musis
793 2413 824 2464 et
842 2393 991 2483 Apolline
1011 2392 1099 2462 nullo

350 2531 537 2620 Composita
556 2532 754 2617 exclamant;
775 2533 911 2623 ringitur
929 2531 1049 2602 ardelio
1072 2557 1079 2599 :

260 2670 300 2738 Et
319 2692 519 2759 quacumque
536 2689 641 2758 potest
659 2694 728 2738 sese
747 2672 869 2740 ratione
888 2689 1006 2755 tuetur,

347 2810 435 2878 Dum
453 2829 665 2880 correctorem
684 2812 794 2899 carpit,
815 2812 942 2901 agitque
962 2835 1064 2881 reum.

259 2948 349 3018 Heus
367 2972 454 3018 cessa
471 2950 669 3019 immeritum
688 2948 812 3039 culpam
830 2951 996 3020 transferre
1015 2950 1165 3041 deinceps

320 3116 322 3123 ·
347 3085 384 3155 In
402 3105 625 3171 correctorem,
646 3085 753 3171 barde,
774 3087 1052 3177 typographicum.

258 3223 314 3294 llle
333 3223 420 3315 quod
438 3245 486 3294 est
504 3211 627 3294 rectum
645 3250 712 3295 non
732 3224 925 3315 depravabit.
946 3229 989 3296 At
1008 3225 1115 3296 audin’
1135 3206 1153 3295 ?'

347 3362 482 3432 Posthac
499 3361 603 3432 lambe
621 3358 711 3446 tuos,¹
729 3361 861 3446 ardelio,
883 3362 1016 3433 catulos.

258 3554 367 3622 Errata
384 3549 512 3623 alterius'
529 3553 671 3643 quisquis
690 3553 872 3636 correxerit,
893 3551 986 3620 illum

347 3690 421 3760 Plus
439 3693 513 3761 satis
532 3689 673 3775 invidiae,
693 3692 793 3781 gratia
811 3690 898 3761 nulla
918 3711 1039 3761 manet.

676 3928 854 3983 B1un1ononn.

256 4099 313 4171 ille
332 4124 393 4192 ego
413 4103 467 4192 qui
485 4100 582 4170 libros
600 4113 728 4184 meme,
749 4096 919 4188 vendoque
939 4109 1115 4186 coemptos

304 4284 307 4289 s
346 4241 435 4310 Voce
452 4239 582 4332 quidem
600 4241 712 4311 Graeca
730 4238 905 4328 bibliopola
923 4260 1032 4308 vocor.
