3038 5204
701 507 848 572 ,7-

686 785 859 854 Hlspnuus.

689 994 854 1051 Lsuonton.

265 1217 468 1306 Hispanus
487 1217 588 1302 fortis,
610 1239 769 1304 constans,
791 1239 823 1290 et
839 1218 922 1289 fidus
945 1221 1061 1304 amico,

351 1357 593 1446 Magnanimum
612 1380 680 1425 sese
699 1356 951 1447 munificumque
969 1355 1093 1447 probat.

264 1492 365 1563 Diluti
382 1517 475 1583 parce
494 1492 610 1564 delibat
627 1494 742 1584 pocula
759 1495 873 1565 Bacchi
895 1521 903 1563 ε

349 1614 539 1700 Ρετνὶἀαήε
559 1629 688 1701 cerebro
706 1633 779 1701 vina
797 1656 914 1702 nocere
934 1652 1063 1723 queant.

262 1768 431 1858 Ingenium
448 1786 558 1837 nactus
576 1769 705 1837 Naturae
724 1792 857 1838 munere
876 1788 1016 1854 acutum,

348 1905 499 1975 Perfacile
519 1901 643 1976 eximiis
662 1906 789 1997 proficit
808 1910 841 1976 in
860 1907 984 1977 studiis.

263 2041 383 2112 Oscula
403 2041 455 2112 dat
473 2041 632 2127 manibus,
653 2043 765 2112 charos
784 2042 1004 2132 complectitur
1021 2041 1116 2127 ulnis,

347 2179 459 2250 Flectit
477 2180 673 2251 honorificus
692 2206 765 2250 cum
782 2182 932 2271 gravitate
950 2203 1047 2268 genu.

259 2316 396 2409 Templa
414 2318 507 2388 alacri
525 2320 646 2389 Divtlm
663 2344 771 2410 gressu
790 2339 908 2389 sacrata
925 2317 1104 2409 frequentat
1124 2343 1132 2387 :

346 2456 486 2546 Supplex
505 2476 579 2525 ante
597 2480 664 2526 aras
682 2476 757 2526 vota
775 2480 946 2548 precesque
962 2457 1048 2527 facit.

259 2591 346 2662 Bello
365 2615 462 2682 eques
481 2611 574 2682 atque
592 2591 688 2682 pedes
705 2591 809 2676 velox,
830 2592 991 2682 praedurus
1011 2595 1043 2660 in
1066 2592 1207 2676 hostem,

345 2732 499 2800 Barritum
518 2755 661 2821 pugnans
680 2755 758 2800 voce
779 2729 894 2800 boanie
912 2731 1015 2800 refert.
1033 2749 1035 2754 '

652 2992 871 3048 Cntuuumrou.

256 3212 457 3300 Hispanus
476 3235 589 3294 saevus,
609 3210 713 3296 fallax,
736 3212 913 3295 malefidus,
933 3234 1042 3281 avarus
1062 3235 1069 3279 :

344 3348 389 3417 Ut
406 3371 475 3416 sese
494 3368 642 3433 ostentet,
664 3349 764 3418 multa
781 3348 935 3439 superbus
953 3349 1035 3438 agit3

257 3484 408 3554 Furfureo
427 3508 527 3575 quum
544 3509 625 3575 pane
645 3487 732 3556 domi
747 3508 890 3558 vescatur
909 3510 1039 3577 egenus,

344 3614 475 3686 Sordeat
493 3637 524 3686 et
540 3641 638 3686 vacua
655 3641 773 3707 pauper
791 3620 947 3707 inopsque
966 3640 1047 3685 casa.

256 3751 411 3835 Conviva,
432 3753 557 3821 alterius
576 3777 609 3821 se
627 3773 755 3842 sumptu
773 3755 945 3843 ingurgitat
951 3779 961 3836 ;
983 3772 1014 3822 et
1033 3775 1129 3842 quam

342 3888 450 3956 Esurie
468 3887 584 3972 affecit,
607 3909 726 3959 recreat
744 3889 930 3979 ingluviem.

255 4026 332 4095 Non
352 4044 451 4093 artem
469 4046 604 4110 exercet,
626 4050 693 4094 non
710 4047 825 4095 terram
844 4025 942 4093 sulcat
960 4020 1060 4094 aratro
1083 4048 1090 4092 ε

341 4162 510 4231 Accinctus
528 4161 634 4252 gladio
650 4162 766 4232 nobilis
786 4187 853 4232 esse
874 4162 988 4233 studet.
