3038 5204
847 574 892 588 ..
914 542 956 626 9⁶
978 575 1024 590 ..

652 741 775 799 COMES
793 740 979 800 UGOLINUS
997 741 1228 800 GIRADESCUS

562 913 746 983 &LIBERI
768 914 872 985 DIRA
897 913 1013 984 FAME
1037 912 1320 985 CONSUMPTI.

428 1109 511 1181 Urbs
528 1113 621 1198 Pisae,
641 1133 737 1205 atque
754 1116 873 1199 Arum,
894 1115 950 1204 qui
968 1113 1054 1183 Pisas
1073 1114 1193 1203 irrigat,
1215 1115 1325 1182 amnis

514 1250 628 1321 Testes
646 1252 735 1321 exitii
753 1270 840 1335 sunt,
859 1249 1013 1341 Ugoline,
1035 1250 1082 1320 tui
1100 1275 1111 1335 3

426 1387 523 1474 Cum,
543 1391 620 1458 turri
640 1388 794 1472 inclusus,
816 1387 1000 1457 charissima
1019 1390 1165 1478 pignora,
1186 1406 1282 1458 natos

514 1526 624 1595 Esurie
641 1526 782 1616 extingui
800 1525 903 1595 cernis
909 1549 920 1610 3
941 1544 974 1595 et
995 1527 1063 1615 ipse
1081 1526 1177 1615 peris.

425 1663 501 1734 Post
518 1659 674 1746 Danthes,
695 1659 775 1731 duce
794 1660 943 1752 Virgilio,
963 1684 1061 1751 regna
1078 1659 1178 1730 infera
1191 1658 1349 1744 lustrans,

511 1797 659 1869 Necdum
675 1796 720 1867 ibi
735 1795 877 1868 sedatam
895 1800 1053 1888 comperit
1071 1821 1140 1868 esse
1159 1798 1280 1869 famem
1305 1817 1314 1868 τ

423 1937 507 2006 Nam
525 1933 612 2006 videt
630 1934 721 2004 infidi
738 1954 770 2005 te
790 1937 939 2027 Ruggerij
958 1938 1086 2026 occiput
1105 1960 1159 2007 ore

510 2072 676 2158 Horribili,
697 2091 729 2144 et
746 2073 862 2143 rabidis
881 2073 1029 2145 dentibus
1048 2076 1215 2166 impetere.

424 2213 571 2284 Fortunae
589 2214 754 2299 miserum,
776 2212 938 2299 mortales,
959 2213 1070 2285 discite
1089 2237 1208 2284 casum.

512 2351 620 2421 Esurio
638 2374 711 2421 ecce
731 2374 839 2422 comes
857 2350 924 2421 dira
941 2351 1100 2442 Ugolinus
1120 2350 1200 2423 obit.

643 2689 729 2761 DIEI
747 2689 804 2760 ET
823 2688 1025 2762 AETATUM
1044 2690 1219 2770 DIVISIO.

855 2886 1008 2955 Ausona,

422 3060 526 3130 Aurea
544 3054 622 3128 dum
639 3058 739 3150 fulget
755 3061 855 3131 roseis
872 3062 996 3130 Aurora
1014 3057 1147 3149 capillis,

508 3201 659 3272 Mortales
676 3199 716 3271 ad
733 3224 814 3292 opus
832 3225 960 3293 surgere
979 3224 1075 3271 mane
1098 3217 1209 3292 monet
1230 3223 1238 3267 :

420 3341 647 3416 Manemonet
664 3364 799 3432 puerum
817 3339 944 3410 facilem
955 3359 1164 3431 tenerumque
1182 3338 1306 3426 doceri,

509 3481 561 3552 Ne
580 3503 652 3550 sero
670 3481 776 3571 pigeat
793 3477 999 3570 perdidicisse
1018 3477 1112 3548 nihil.

844 3675 1014 3745 Mnumuts.

423 3852 516 3938 Ecce,
536 3849 796 3922 meri-mediusve
815 3850 883 3920 dies
901 3849 1105 3941 praefervidus
1124 3868 1231 3922 ortum

509 3990 595 4060 inter
613 4007 645 4060 et
662 4011 823 4074 occasum,
844 3987 950 4060 vivida
969 3987 1111 4060 membra
1128 4005 1249 4059 movet.

419 4126 505 4197 Hinc
522 4123 622 4196 discat
641 4124 737 4197 duros
756 4127 879 4216 juvenis
897 4124 1031 4196 tolerare
1050 4124 1174 4196 labores
1195 4149 1203 4193 ι

507 4265 560 4336 Ne
580 4263 656 4334 luxu
675 4283 801 4337 aetatem
820 4265 1004 4356 desidiaque
1022 4285 1112 4338 terat.
