3038 5204
268 862 382 945 Quum
397 880 498 934 tactus
516 883 645 932 sensum
663 859 776 930 Venus
793 878 888 951 atque
905 858 1036 951 Cupido
1054 860 1255 952 gubernent,

354 999 538 1090 Jucnndum
556 1018 605 1069 est
622 1016 707 1069 tactu
725 996 910 1089 deliciisque
926 996 999 1067 frui.

266 1144 416 1215 Attamen
434 1141 587 1213 obscoene
605 1137 757 1231 tangendi
775 1161 870 1230 prava
886 1136 1035 1229 voluptas

357 1279 498 1373 Gignere
514 1281 658 1370 tangenti
677 1279 773 1350 noxia
791 1299 876 1367 saepe
893 1276 985 1348 solet.

705 1514 849 1586 Gustus.

267 1702 429 1778 Ruricolae
448 1721 578 1794 gustum
592 1703 701 1776 Cereri
720 1702 934 1773 adscribamus
952 1723 1092 1794 oportet.

356 1841 435 1911 Haec
452 1839 580 1932 frugum
599 1841 754 1933 genetrix,
775 1839 844 1910 haec
862 1841 932 1910 Dea
950 1841 1055 1912 cincta
1073 1843 1187 1933 spicis,

267 1978 371 2049 Gustu
389 2002 449 2048 nos
467 1978 553 2050 dulci
571 1999 725 2071 gratoque
744 2001 856 2068 sapore
876 1977 996 2050 focillat
1018 1999 1026 2050 ε

355 2118 414 2188 Ast
431 2115 542 2208 procul
561 2114 749 2207 ingluviem,
768 2115 836 2188 vult
857 2117 968 2207 procul
986 2141 1055 2189 esse
1073 2118 1202 2210 gulam.

683 2351 872 2422 Ouaacrus

269 2538 465 2629 Montivagae
484 2537 616 2608 olfactus
632 2539 788 2610 tribuetur
805 2543 872 2632 jure
888 2542 1015 2628 Dianae,

355 2675 455 2746 Silvas
473 2699 546 2767 quae
563 2675 693 2747 canibus
711 2677 821 2749 lustrat
839 2679 1054 2772 odorisequis.

269 2812 449 2884 Herbarum
468 2835 499 2886 et
516 2815 634 2886 florum
651 2817 795 2907 quisquis
813 2819 941 2887 sectaris
958 2818 1108 2904 odorem,

357 2952 495 3023 Naribus
513 2952 673 3040 admittas,
691 2977 764 3045 quae
781 2957 938 3042 nocitura,
958 2979 1047 3028 cave.

544 3391 724 3463 AMORES
746 3393 1020 3466 NATURALES.

511 3560 574 3653 (Ex
592 3561 680 3633 Plin.
701 3561 758 3635 lib.
777 3585 891 3654 xxva,
912 3588 982 3656 cap.
1004 3564 1059 3656 v.)

204 3786 206 3795 ’
274 3767 455 3837 Marmoreo
473 3767 572 3858 lapidi
590 3788 680 3842 torva
698 3752 745 3842 est
762 3773 862 3843 incisa
880 3774 1009 3858 Leaena,

362 3907 453 3978 Parte
471 3911 563 3978 omni
580 3910 705 4001 aligeris
723 3914 826 3982 cincta
843 3911 1060 4003 cupidinibus

274 4043 466 4133 colludunt5
487 4047 541 4117 alii
559 4047 723 4139 religatam
741 4070 917 4142 urgentque
935 4071 1110 4143 tenentque
1132 4072 1140 4121 ε

364 4184 502 4257 Tortum
520 4187 573 4257 alii
589 4192 703 4274 cornu',
723 4212 788 4280 quo
807 4189 893 4262 bibat
910 4190 1066 4281 objiciunt
1087 4211 1095 4257 ε
