3038 5204
770 545 947 612 ..18-

343 750 398 827 Ad,
413 775 465 819 me
484 751 643 820 concurrit
664 771 791 818 morosa
809 767 931 818 caterva
950 746 1138 837 sophorum,

433 890 471 957 Et
488 860 607 957 coeunt
625 906 718 956 sectae
738 884 886 975 dogmata
905 888 1039 976 quisque
1059 909 1136 954 suae.

340 1027 407 1096 Seu
426 1029 467 1095 sit
484 1024 663 1095 Aristotelis
681 1043 827 1107 sectator,
848 1025 914 1092 sive
934 1024 1072 1112 Epicuri,

434 1166 498 1234 Seu
516 1166 556 1233 sir
574 1162 773 1254 Pythagorae,
792 1164 858 1230 sive
877 1161 1018 1232 Platonis
1037 1187 1147 1231 amans
1167 1188 1174 1231 :

344 1307 451 1376 Nemo
471 1303 588 1372 horum
606 1305 726 1372 invisus
744 1321 860 1372 nostrae
879 1305 973 1372 intrat
991 1303 1103 1371 limina
1122 1321 1222 1392 portae
1244 1328 1250 1370 :

432 1440 521 1509 Nulli
541 1439 657 1508 horum
674 1437 772 1507 libros
793 1459 900 1508 nostra
919 1437 1049 1507 taberna
1066 1460 1183 1528 negar;

347 1580 380 1647 Si
400 1602 538 1647 mercem
558 1601 628 1646 care
648 1600 753 1646 caram
771 1574 830 1643 sibi
850 1596 1011 1665 comparet
1030 1595 1154 1665 emptor
1170 1602 1179 1658 ;

435 1718 472 1785 Et
491 1715 594 1805 largus
613 1717 751 1805 pretium
770 1713 923 1782 munifice
941 1734 1099 1783 numeret.

346 1858 418 1925 Huc
437 1872 601 1943 properate
620 1852 733 1942 quibus
753 1850 942 1921 distenditur
957 1875 1018 1920 aere
1038 1875 1213 1936 crumena;

435 1992 473 2059 Et
492 1988 656 2059 cerebrum
674 1991 768 2058 variis
787 1990 928 2056 atteritur
947 1988 1070 2058 studiis

346 2126 448 2196 Vobis
466 2151 516 2195 res
535 2126 659 2196 dabitur
677 2129 765 2195 renui
784 2125 931 2196 mandata
948 2151 1068 2218 papyro
1091 2154 1099 2196 z

435 2267 504 2334 Vos
523 2264 615 2334 nobis
633 2289 707 2354 pera
725 2269 862 2355 promite
881 2290 977 2356 quam
995 2270 1114 2356 geritis.

351 2429 442 2510 Quid
461 2430 561 2499 sciolo
579 2430 707 2518 prodest
725 2429 879 2499 librorum
898 2430 998 2499 multa
1017 2430 1169 2520 supellex,

437 2571 470 2640 Si
489 2553 779 2661 neget'auspicium
800 2569 852 2638 dia
871 2571 1016 2640 Minerva
1034 2572 1156 2639 suum?

349 2709 526 2800 Bibliopola
545 2691 762 2800 quidem‘non
780 2711 898 2778 mentis
917 2711 1063 2776 acumina
1080 2708 1189 2779 vendit
1210 2735 1217 2778 :

438 2849 501 2919 Sed
519 2848 629 2920 vendit
647 2869 747 2918 cotes.
768 2849 827 2916 His
846 2870 924 2916 acue
944 2848 1125 2936 ingenium.

353 3293 766 3384 ORTHOGRAPHIAE
806 3297 1002 3366 LATINAE
1048 3289 1391 3376 QUERIMONIA.

355 3553 446 3624 Olim
464 3554 698 3645 orthographiae
716 3557 862 3625 causalis
883 3556 969 3626 nulla
987 3557 1121 3642 Latinis,

354 3697 419 3764 Aut
438 3697 464 3762 si
483 3717 577 3783 parva
597 3694 668 3777 fuit,
690 3686 787 3783 parvo
806 3715 853 3764 est
870 3694 961 3765 finita
978 3694 1131 3779 tumultu,

354 3833 442 3899 Dum
460 3833 594 3920 patriam
613 3833 781 3900 unanimes
800 3832 942 3921 linguam
962 3831 1087 3900 coluere
1107 3832 1224 3920 periti;
1263 3900 1266 3909 ,

355 3972 461 4059 Atque
479 3994 574 4038 usum
592 3994 690 4060 penes
709 3969 886 4055 arbitrium,
907 3974 967 4060 jus,
991 3994 1166 4061 normaque
1184 3973 1313 4040 mansit.

342 4165 352 4185 ,
444 4109 551 4193 Nunc,
577 4110 616 4178 ah
636 4133 721 4178 nunc
742 4135 838 4200 quam
859 4108 924 4178 dira
944 4111 1059 4178 animis
1077 4107 1234 4179 discordia
1261 4108 1380 4199 gliscit,

357 4252 530 4339 Postquam
549 4274 601 4318 me
620 4251 722 4318 nimio
741 4251 887 4320 certatim
906 4271 1019 4317 ornare
1038 4250 1140 4318 nitore
