3038 5204
707 566 748 582 ..
776 531 817 598 60
840 566 884 581 ..

557 780 730 866 Musrntr,
749 782 907 867 Vrvnnnn,
926 782 1023 854 lcms.

457 1029 595 1102 Mustela
611 1029 716 1117 lallax,
738 1032 850 1104 callida
867 1043 900 1105 et
920 1033 1073 1120 serocula,

542 1167 609 1239 Peli
628 1169 760 1261 quidem
782 1172 956 1259 simillima,

452 1306 515 1378 Sed
532 1308 724 1400 longiorque
743 1313 934 1402 tenuiorque
953 1332 1100 1402 corpore,

539 1451 578 1521 Et
596 1449 676 1521 flava
694 1454 846 1543 tegminis
864 1451 930 1543 pilo
946 1477 954 1522 ε

450 1587 560 1659 Terrae
578 1611 728 1659 cavernas
746 1608 840 1679 atque
860 1609 964 1679 petras
980 1589 1092 1661 incolit
1110 1600 1119 1650 :

538 1728 660 1798 Pavens
679 1726 812 1799 latebras
830 1731 986 1820 quaeritat.

448 1863 625 1936 Velocitate
641 1868 780 1937 maxima
798 1865 910 1959 talpas,
933 1893 1018 1955 aves,

534 2004 705 2096 Muresque
722 2025 831 2096 captos
850 2028 973 2079 enecat.

448 2141 608 2215 Absorbet
623 2168 696 2230 ova,
716 2148 843 2237 acrique
861 2147 1012 2238 gallinam
1030 2147 1153 2239 impetu

537 2282 674 2372 Raptam
690 2305 806 2355 vorans
823 2309 857 2356 se
876 2286 1060 2377 ingurgitat.

449 2414 534 2485 Inire
552 2437 626 2485 cum
644 2436 789 2507 serpente
806 2439 947 2508 pugnam
965 2440 1031 2489 non
1050 2419 1144 2490 timet

534 2551 660 2624 Munita
677 2574 756 2625 rutae
773 2553 958 2646 pharmaco.

447 2691 665 2782 Lepusculum
688 2690 779 2778 fallit,
797 2692 918 2785 fatigat,
938 2712 1084 2785 gutture,

533 2833 688 2902 Prensum
706 2833 835 2922 premit,
856 2855 965 2904 morsu
984 2835 1122 2924 impetit.

446 2970 584 3042 Mustela
603 2990 634 3041 at
653 2971 721 3041 haec
740 2973 804 3041 sint
822 2969 905 3042 dicta
922 2971 962 3042 de
981 2970 1176 3044 domestica:

532 3107 681 3180 Silvestre
699 3134 800 3201 quum
818 3112 858 3181 sit
875 3130 908 3181 et
926 3134 1027 3201 genus
1048 3135 1056 3178 :

442 3244 574 3317 Viverra
591 3270 720 3339 nempe,
741 3251 862 3320 astutiae
880 3273 973 3320 causa
990 3273 1056 3318 suae

531 3385 678 3475 Pergrata
694 3384 910 3456 venatoribus.

442 3520 551 3592 Antris
570 3520 734 3592 cuniculos
752 3523 839 3592 enim
857 3521 943 3594 vafra
961 3523 1072 3614 exigit,

529 3658 574 3729 Ut
590 3657 697 3749 praeda
713 3658 791 3729 fiant
808 3657 965 3729 hostibus.

440 3795 513 3870 lctis
530 3820 660 3889 quoque
679 3818 748 3870 orta
765 3796 923 3889 ejusmodi
941 3800 1126 3890 propagine,

528 3938 636 4029 Apum
654 3937 809 4024 laborem,
829 3937 905 4025 mel,
926 3958 1029 4010 vorat.

436 4074 521 4144 Aves
540 4074 703 4145 celerrime
721 4076 843 4147 involat
859 4075 954 4148 velox
974 4075 1068 4166 pede,

522 4212 698 4305 Morsuque
719 4213 839 4285 crudeli
858 4234 977 4318 necat.
