3038 5204
702 515 878 602 ..33-

551 742 667 811 Asntus
685 742 816 811 qutcus
834 761 1019 812 contrusus.

273 961 351 1033 Non
370 959 481 1050 procul
501 985 518 1031 a
536 962 612 1051 ripis
630 963 736 1030 asinos
754 983 886 1034 venatur
905 983 1042 1054 agrestes

272 1098 384 1185 Indus,
405 1101 560 1190 permissu
579 1102 662 1192 regis
684 1125 691 1169 :
712 1123 810 1170 cornu
830 1100 945 1192 quibus
965 1121 1064 1175 exstat

272 1239 311 1308 In
327 1225 432 1308 fronte
453 1263 461 1307 ε
482 1238 559 1308 hinc
575 1239 689 1330 phialae
707 1240 789 1311 fiunt
807 1260 838 1311 et
856 1240 981 1331 pocula,
1002 1242 1131 1313 morbos

273 1381 358 1465 Quae
375 1401 498 1469 sanant,
518 1382 633 1452 vulnus
650 1401 772 1467 curant,
794 1383 978 1475 pelluntque
996 1409 1128 1456 venena.

531 1676 631 1745 Cunvr
648 1699 800 1764 JUNIORES
821 1700 1027 1751 uoscuutuu.

266 1942 462 2010 Francorum
481 1941 564 2030 regis
583 1939 747 2024 mandato,
768 1959 906 2015 stercora
926 1945 1042 2032 quaerit

266 2078 407 2150 Plurima
426 2102 605 2164 cervorum,
624 2098 756 2175 venator
777 2105 784 2148 :
807 2103 844 2148 ea
861 2078 979 2163 olfacit,
1000 2100 1031 2150 et
1049 2104 1121 2170 quae

263 2219 379 2307 Junior
397 2211 513 2309 egessit
530 2240 653 2301 cervus
675 2215 805 2287 canibus
824 2215 893 2302 dat;
916 2217 1015 2287 odore

210 2363 213 2384 '
263 2357 430 2448 Percepto‚
450 2375 557 2428 aetates
575 2378 742 2426 cervorum
759 2375 794 2425 ut
813 2379 945 2425 noscere
964 2354 1097 2426 discant.

512 2623 672 2691 PISCICULI
690 2642 811 2693 LUMlNE
829 2641 1031 2692 FALLUNTUR.

259 2862 395 2936 Ludicra
412 2862 556 2952 piscandi
574 2860 722 2952 quaedam
743 2883 791 2929 ars
810 2881 857 2930 est
878 2885 886 2930 z
907 2884 1037 2950 vespere
1058 2884 1180 2929 mensae

257 3004 379 3077 Insistit
396 2999 499 3073 rutilae
517 3001 652 3091 fulgenti
670 2999 815 3090 lampade
834 3019 944 3069 cautus

258 3143 410 3226 Piscator,
431 3138 617 3231 placidaque
635 3141 670 3207 in
691 3140 793 3228 stagni
813 3156 866 3206 aut
883 3136 1025 3204 fluminis
1045 3135 1131 3205 unda

256 3277 439 3363 Pisciculos‚
459 3280 494 3347 in
514 3277 603 3368 aquis
622 3274 774 3346 adeuntes
794 3275 928 3358 lumina,
949 3272 1039 3343 fallit.

617 3576 737 3644 Leouts
755 3595 908 3645 vuunuo.

253 3820 410 3888 Instructo
428 3837 571 3907 spectant
588 3841 735 3908 proceres
754 3817 933 3908 spectacula
954 3820 1051 3887 circo.

253 3956 343 4026 Trux
361 3956 413 4027 leo
432 3955 526 4029 dente
543 3957 624 4027 feras
641 3957 752 4028 rabido
771 3957 921 4048 discerpit
941 3978 972 4026 et
990 3982 1096 4046 ungue
1119 3984 1125 4024 :

252 4095 490 4186 Prosternitque
508 4095 601 4186 lupos
624 4123 631 4166 :
653 4099 752 4167 vincit
771 4099 941 4167 conamine
960 4116 1098 4165 taurum.

252 4233 395 4305 Territus
413 4236 533 4307 interea
551 4236 721 4307 formidine
739 4241 909 4309 contremit
928 4263 1031 4308 ursus.
