3038 5204
674 542 715 555 ··
743 527 805 575 121.
826 544 871 555 -

456 732 826 807 CHRISTOPHORUS
849 730 1120 824 ulmeus>
1182 754 1184 758 ’
1215 805 1217 811 s

262 929 342 1000 Haec
359 929 417 1001 tibi
435 951 508 1020 quae
525 951 615 1000 sacro
633 946 813 1020 panguntur
831 927 972 998 carmine
990 924 1103 1010 lector,

351 1070 488 1162 Mystica
505 1090 579 1141 sunt
595 1073 662 1141 veri
680 1067 825 1161 symbola
843 1065 1080 1157 Christophori.

261 1208 427 1280 Christum
444 1208 505 1280 fert
523 1209 665 1280 humeris
684 1212 860 1279 immensus
879 1230 969 1285 more
987 1207 1136 1298 gigantis,

350 1349 437 1419 Dum
455 1349 515 1422 fert
532 1350 710 1422 humanum
728 1373 785 1441 per
803 1349 882 1420 freta
900 1373 982 1420 saeva
1004 1371 1116 1440 genus.
1178 1427 1182 1436 ¹

261 1487 339 1557 Non
357 1486 470 1559 mundi
488 1507 542 1559 aut
561 1489 665 1580 pelagi
689 1487 775 1559 rabie
794 1508 947 1575 terretur3
969 1507 1000 1558 at
1020 1506 1085 1557 atra

348 1627 466 1713 Nocte,
486 1630 584 1697 maris
601 1627 717 1699 fluctus
736 1648 908 1698 transmeat
927 1624 1115 1717 intrepidus.

261 1763 381 1835 Lucida
400 1767 540 1835 eremitae
557 1765 647 1857 pellit
665 1764 785 1837 laterna
804 1764 962 1848 tenebras,

349 1903 467 1975 Sancto
486 1905 641 1996 evangelii
659 1906 794 1991 lumine,
816 1905 954 1990 Christe,
975 1907 1034 1975 tui.

260 2039 299 2111 Et
314 2063 460 2132 gressum
477 2044 571 2134 pinus
589 2043 729 2115 viridans
748 2067 783 2114 ac
801 2042 914 2114 florida
930 2041 1047 2125 firmat,

350 2180 435 2263 Quae
449 2181 551 2253 solida
569 2202 768 2255 et-constans
786 2201 846 2267 est,
867 2185 936 2251 sine
954 2178 1037 2266 labe,
1057 2179 1148 2251 fides.

260 2318 313 2390 Tu
332 2343 460 2412 quoque
480 2320 748 2412 Christophorum
765 2321 900 2412 vigilans
918 2322 1042 2391 imitare
1060 2318 1189 2391 beatum
1211 2341 1218 2384 :

349 2457 394 2529 Ut
412 2480 505 2528 verus
524 2457 655 2528 tandem
674 2457 843 2530 Christifer
862 2481 930 2529 esse
948 2481 1056 2550 queas.

290 2777 431 2849 sutton
467 2777 689 2849 ueuuosos
727 2783 758 2849 a
794 2779 958 2849 nouum
995 2772 1250 2846 buccarum.
1346 2741 1351 2749 ’

403 2923 499 3015 (Mat.
533 2928 625 3009 26,6.
658 2926 759 2996 Marc.
793 2949 881 3017 14,3.
913 2926 993 3009 Luc.
1027 2922 1138 3015 7,37.)

259 3114 346 3185 Felix
365 3138 398 3185 es
417 3114 541 3199 Simon,
563 3118 618 3205 qui
638 3118 825 3189 convivator
841 3119 927 3207 Jesu'

265 3350 266 3353 Ἴ
346 3253 471 3324 Sanctis
488 3255 633 3323 convivae
653 3256 790 3343 pasceris
808 3256 956 3347 eloquiis.

256 3394 418 3465 Peccatrix
436 3415 566 3484 quoque
585 3411 633 3461 ter
649 3391 726 3461 felix
744 3392 942 3479 muliercula,
964 3394 1084 3464 Christi

345 3532 430 3614 Quae
449 3530 605 3622 fragrante
624 3530 721 3622 pedes
738 3536 882 3624 unguine
900 3553 1018 3604 moesta
1035 3533 1120 3604 linis.

198 3683 202 3690 ’
258 3672 302 3740 At
319 3691 377 3739 vos
395 3666 586 3738 officia'haec
606 3670 715 3739 animo
733 3673 788 3759 qui
807 3670 893 3742 fertis
911 3674 1035 3762 iniqu0,

346 3810 466 3881 Felices
485 3811 567 3882 inter
586 3813 657 3901 quis
676 3835 842 3881 numerare
861 3813 961 3883 velit?

257 3946 375 4019 Abdita
394 3969 555 4018 sacrarum
575 3950 719 4040 quisquis
737 3953 888 4039 mysteria
906 3974 1012 4021 rerum
1096 3981 1097 3984 ¹

346 4087 489 4175 Ignoras,
511 4087 590 4158 falso
611 4111 738 4178 carpere
756 4113 841 4159 sacra
863 4113 951 4161 cave.

680 4292 862 4308 ψ
