3038 5204
557 515 601 530 ,.,.
623 499 664 567 97
687 515 732 527 ..

561 680 722 749 Vnsonnn.

130 871 271 962 Vespera
287 870 375 942 adest
392 895 531 963 praeceps
552 896 561 941 t
582 895 652 962 pars
669 871 745 940 almi
761 888 903 957 extrema
922 870 986 941 diei

219 1009 270 1079 Ad
288 1034 416 1080 coenam
434 1029 466 1080 et
483 1033 635 1081 somnum
654 1032 785 1099 corpora
803 1007 883 1077 lassa
901 1028 1006 1079 vocat.

58 1235 60 1239 Ι
128 1148 241 1240 Vergit
258 1147 299 1219 ad
314 1171 464 1219 occasum
483 1148 634 1240 quicquid
652 1149 800 1239 provenit
818 1147 856 1218 ab
875 1167 947 1219 ortu
968 1168 977 1217 ε

218 1286 331 1376 Fitque
348 1309 445 1356 senex
463 1284 604 1370 tandem,
626 1288 681 1377 qui
701 1309 781 1376 puer
799 1306 872 1357 ante
892 1285 964 1357 fuit.

589 1503 679 1610 Nox.

125 1747 202 1816 Nox
219 1747 346 1835 nigrans
365 1744 457 1812 caecis
475 1741 606 1812 obducit
624 1763 739 1813 cuncta
756 1743 907 1828 tenebris,

217 1882 256 1949 Et
274 1904 386 1971 nugas,
406 1902 549 1964 somnos,
570 1882 708 1966 somnia,
730 1901 853 1970 spectro
871 1881 971 1951 fovet.

127 2018 290 2101 Quaelibet
307 2019 347 2089 ad
365 2021 478 2090 mortis
496 2019 632 2092 tendunt
650 2020 799 2091 animalia
820 2041 963 2091 noctem.

213 2158 298 2229 Cum
315 2181 414 2248 puero
433 2161 556 2249 juvenis
574 2158 817 2252 decrepitusque
834 2161 927 2251 perit.

145 2540 351 2621 QUINQUE
368 2541 527 2612 SENSUS
543 2541 751 2622 QUINQUE
767 2542 849 2613 DIIS
866 2539 1118 2612 ATTRIBUTI.

582 2736 691 2805 V1sus.

121 2907 264 2998 Juppiter
281 2927 328 2978 est
347 2908 449 2977 oculis
466 2909 568 2998 pictus
587 2906 688 2976 tribus
710 2926 718 2974 ε
740 2904 825 2975 haud
844 2903 925 2974 male
947 2929 955 2974 :
976 2905 1047 2975 visu

211 3049 360 3138 Namque
379 3049 461 3117 inter
478 3047 618 3137 reliquos
636 3043 784 3135 praevalet
802 3046 869 3133 ipse
889 3044 989 3112 Deos.

120 3183 272 3255 Praevalet
291 3204 322 3255 et
339 3186 409 3255 visu
428 3184 558 3274 reliquis
576 3180 762 3251 mortalibus
780 3178 845 3264 ille,

206 3322 397 3392 Luminibus
416 3322 531 3393 fruitur
548 3322 603 3413 qui
622 3321 691 3389 sine
709 3317 779 3388 labe
797 3319 876 3387 suis.

546 3574 707 3642 Auunus.

116 3781 273 3852 Auditum
290 3802 410 3853 recreat
429 3782 556 3853 citharae
575 3781 717 3873 pulsator
735 3781 865 3871 Apollo,

205 3921 371 3990 Musarum
389 3923 423 3989 in
442 3919 550 3989 medio
570 3918 648 3988 dum
667 3920 752 3989 canit
772 3938 837 3988 arte
856 3916 968 3988 choro.

116 4054 205 4123 Voce
224 4053 352 4124 salutari
371 4074 403 4124 et
421 4054 544 4125 blandae
563 4054 783 4125 modulamine
801 4054 920 4145 lingum

203 4193 281 4262 Mite
300 4191 336 4263 fit
354 4194 531 4283 ingenium,
551 4193 638 4284 quod
657 4195 716 4264 luit
733 4213 806 4263 ante
825 4193 941 4263 ferum.
972 4256 975 4261 .

1071 4321 1091 4386 7
