3038 5204
687 554 731 567 -
754 536 795 604 77
819 553 863 567 .-

421 765 560 835 Snmnns
579 782 717 833 nunnus
736 779 940 832 inminutus
959 783 993 832 m
1010 762 1116 833 Iunn.

261 999 428 1089 Ingentem
444 1016 559 1088 vegeto
577 1017 758 1088 serpentem
776 1018 908 1086 corpore
924 974 1038 1086 gignit

259 1135 360 1220 India,
380 1137 435 1227 qui
452 1135 563 1206 solims
582 1137 703 1207 latitare
722 1139 757 1205 in
776 1138 876 1226 aquis,
897 1136 981 1205 fame
1000 1157 1126 1224 pressus

261 1273 381 1360 Prodit,
401 1293 433 1344 et
450 1273 600 1344 umbrosa
619 1273 805 1364 dependens
823 1272 944 1358 arbore,
966 1272 1046 1343 saltu

260 1412 438 1504 Apprendit
456 1436 553 1503 pecus
575 1438 582 1481 :
603 1433 650 1483 ast
669 1414 764 1483 clavis
782 1411 973 1501 flammaque
994 1426 1136 1479 necatur.

497 1699 709 1770 Cuoconnus
728 1717 872 1769 unricus
895 1714 1046 1767 crunon.

260 1932 339 2002 Esca
357 1931 499 2002 Niliacus
518 1934 639 2021 capitur
656 1930 833 2001 crocodilus
852 1948 884 1999 et
902 1929 1011 2012 hamo,

260 2066 327 2145 Qui
346 2067 421 2137 latet
439 2056 547 2138 occiso
567 2071 601 2137 in
620 2069 760 2158 porcello
783 2094 790 2136 :
812 2067 915 2137 bellua
932 2070 997 2136 vivi

230 2214 239 2230 ·
258 2203 384 2274 Illectus
403 2208 492 2295 porci
508 2209 673 2296 grunnitu,
696 2205 734 2274 ad
753 2206 858 2276 littora
875 2205 988 2289 tendit,

258 2345 371 2415 Escam
389 2343 584 2436 hamumque
603 2366 693 2416 vorat
713 2372 721 2414 τ
743 2345 822 2415 limo
841 2348 951 2418 interit
968 2345 1100 2416 obrutus
1119 2344 1195 2416 udo,

474 2630 603 2699 VlPERAE
619 2651 730 2701 FURCIS
748 2653 1062 2702 APPREHENDUNTUR.

257 2861 376 2951 Vipera
396 2864 430 2934 in
448 2862 545 2933 Italiae
563 2860 680 2953 gaudet
698 2863 818 2932 latitate
837 2863 962 2953 palude.

257 3000 385 3069 Latratu
404 3002 503 3086 canis,
525 3026 543 3070 e
563 3001 669 3071 dumis
688 3004 850 3092 perterrita
868 3001 984 3092 prodit.

256 3138 433 3229 Corripitur
449 3140 547 3224 furca,
571 3142 605 3207 in
625 3140 820 3229 perdensum
839 3140 958 3230 forcipe
979 3164 1105 3210 saccum

181 3279 184 3288 '
256 3277 399 3366 Injicitur
420 3303 427 3345 :
448 3298 535 3367 parat
553 3278 628 3348 hinc
648 3278 847 3350 medicamen
867 3281 1145 3373 pharmacopoeus.

498 3565 595 3635 Oncn
615 3589 635 3635 n
653 3589 792 3638 nnvmns
811 3549 1037 3639 onuuoumun.

260 3811 362 3882 Ostiae
383 3815 417 3880 in
436 3816 613 3884 extremum
632 3814 719 3886 littus
737 3816 909 3906 prolabitur
927 3839 1012 3886 orca.
1047 3860 1052 3870 ·

260 3949 392 4021 Retibus
411 3969 504 4043 atque
523 3953 624 4044 plagis
644 3953 806 4025 concludit
824 3954 976 4025 Claudius
995 3978 1077 4026 oras.

260 4087 381 4158 Orcum
399 4113 418 4158 e
437 4092 572 4181 navigiis
590 4111 754 4182 oppugnat
772 4092 873 4163 milite
891 4092 1011 4163 crebro

260 4229 399 4298 Romani
419 4229 487 4299 haec
505 4251 648 4320 spectant
666 4233 730 4302 laeti
748 4233 925 4324 spectacula
942 4236 1037 4330 civeS.
