3038 5204
676 572 854 673 -475

340 751 433 831 Quin
449 771 481 821 et
497 752 596 841 jecur,
617 751 672 837 fel,
693 752 818 842 puim0,
840 753 947 845 adeps,
969 759 1118 848 axungia,

339 891 379 959 Et
396 888 524 981 ungulae
541 890 662 961 morbis
680 891 849 964 medentur
865 893 1022 985 plurimis.

702 1157 815 1228 Carus.

266 1332 268 1335 ⁵
340 1355 438 1424 Canis
457 1353 559 1425 fidelis
579 1375 626 1427 est
646 1357 724 1427 hero
743 1381 852 1427 comes
869 1382 942 1428 suo.

339 1494 469 1563 Sincere
489 1515 574 1565 amat
590 1515 686 1565 notos
704 1494 777 1580 sibi,
799 1514 831 1566 et
849 1494 1055 1566 domesticos.

339 1633 431 1712 Quas
448 1633 570 1718 incolit,
592 1632 732 1704 custodit
749 1632 834 1704 aedes
852 1632 995 1703 sedulus.

338 1772 435 1840 Fures
453 1772 565 1842 latratu
580 1763 675 1843 nocte
694 1771 801 1863 prodit
817 1774 963 1865 pervigil,

337 1880 496 2000 Arcetdue
516 1908 607 1978 herili
627 1911 809 2000 incognitos
827 1932 845 1977 a
863 1909 987 1980 limine.

337 2047 442 2118 Multa
460 2047 602 2118 eruditus
622 2047 715 2117 discit
734 2045 956 2118 adsuetudine.

337 2189 449 2257 Artem
466 2186 542 2258 facit
557 2186 657 2257 solers
677 2189 821 2278 citusque
836 2188 1002 2259 ludicram.

337 2330 441 2397 Auras
461 2351 556 2417 sagax
572 2325 722 2397 venando
742 2344 847 2416 captat
864 2327 992 2398 naribus
1013 2355 1021 2397 ε

336 2469 461 2536 Lustrat
478 2465 616 2534 ferarum
635 2448 782 2534 ocissime
800 2466 945 2555 vestigia,

337 2605 515 2694 Captasque
529 2603 674 2671 venatori
692 2601 771 2670 hero
789 2600 890 2673 defert
909 2602 1003 2672 feras.

336 2745 467 2832 Pugnax
482 2760 590 2811 tuetur
607 2739 769 2809 mordicus
789 2766 823 2810 se
842 2740 1004 2812 dentibus.

335 2880 445 2959 Quam
464 2880 604 2968 concipit
623 2879 687 2947 cito
703 2880 796 2963 iram,
808 2903 889 2949 eam
908 2883 999 2970 ponit
1019 2882 1095 2951 cito.

583 3147 715 3217 Cnsnon
733 3150 798 3217 sive
823 3149 928 3218 From.

336 3385 460 3470 Castor,
480 3383 572 3469 fiber,
593 3408 649 3454 seu
667 3386 816 3475 ponticus
835 3382 937 3454 dictus
958 3385 1058 3467 cauis,

334 3525 443 3594 Terris
462 3514 614 3622 aq‘uisque
631 3525 731 3593 vitam
753 3524 818 3612 agit
840 3546 847 3589 :
868 3520 1047 3591 simillimus

333 3664 450 3745 Lutrae,
471 3663 545 3730 licet
564 3658 664 3731 cauda
682 3658 846 3729 evidenter
864 3659 988 3729 differat

333 3803 434 3892 Larga
452 3821 546 3892 atque
564 3801 672 3890 longa,
691 3803 788 3891 piscis
807 3804 905 3871 instar
923 3823 1085 3892 squamea,

335 3941 422 4025 Qua,
443 3938 598 4031 quolibet,
619 3960 731 4010 natans
750 3964 859 4031 aquas,
880 3963 914 4009 se
933 3938 1057 4030 dirigit3

334 4080 577 4168 Dum-piscium
595 4099 730 4150 sectatur
749 4100 781 4150 et
799 4081 882 4170 capit
898 4104 1012 4170 genus.

334 4219 424 4311 Ripae
443 4220 477 4286 in
496 4221 638 4288 cavernis
657 4217 812 4289 delitescit
830 4217 982 4287 herbidae.
