3038 5204
759 532 935 604 ..„-

336 720 537 795 Horrendam
556 718 692 792 intendit
709 740 835 792 vocem.
856 719 933 802 Qua
950 720 1085 794 buccina
1104 725 1245 816 signum

337 862 444 933 Rauca
463 858 562 945 dedit,
581 859 677 949 raptis
695 877 888 931 concurrunt
904 860 1047 952 undique
1066 861 1141 932 telis

336 1000 466 1071 Auxilio
482 999 629 1092 agricolae
648 999 777 1071 celeres.
799 999 900 1113 Furor
917 1023 1004 1071 arma
1021 1002 1200 1074 ministrat.

337 1139 424 1210 Mars
442 1140 510 1229 ipse
528 1137 723 1228 armipotens
741 1140 888 1208 animum
904 1140 1051 1231 viresque
1069 1141 1201 1212 colonis

335 1276 480 1362 Addidit,
500 1297 532 1349 et
550 1277 697 1349 stimulos
716 1279 815 1349 aereis
833 1277 893 1348 sub
912 1296 1042 1370 pectore
1060 1282 1171 1352 vertit.

336 1419 381 1490 Ut
397 1416 504 1489 videre
521 1418 625 1487 virum
643 1416 762 1487 crudeli
781 1438 886 1490 morte
905 1437 1120 1511 peremptum,

336 1556 431 1629 Haud
448 1579 549 1643 mora,
569 1556 749 1649 prosiliunt,
769 1556 822 1626 hic
839 1573 1083 1641 torreatmatus
1101 1555 1237 1644 adusto,

338 1694 460 1787 Stipitis
477 1693 529 1765 hic
542 1693 665 1785 gravidi
683 1693 776 1766 nodis
798 1715 805 1764 :
826 1694 914 1787 quod
933 1695 1049 1787 cuique
1065 1715 1250 1785 repertum,

336 1832 385 1937 Ira
403 1830 477 1903 facit
494 1832 606 1902 telum.
628 1831 760 1905 Gladios
779 1853 811 1904 et
828 1833 949 1925 spicula
965 1833 1103 1919 vibrant,

334 1969 509 2044 Intendunt
527 1974 625 2043 atreis
645 1995 747 2059 arcus,
768 1991 959 2065 amentaque
973 1990 1136 2064 torquent,

332 2108 401 2180 Pila
419 2131 528 2194 manu,
551 2132 715 2201 saevosque
735 2129 850 2200 gerunt
866 2112 899 2179 in
917 2108 999 2179 bella
1016 2108 1151 2182 dolones
1172 2131 1181 2177 :

334 2244 506 2335 Objiciunt
522 2245 615 2316 multi
635 2268 704 2315 sese
723 2244 763 2315 ad
781 2245 918 2317 divortia
935 2266 1023 2332 nota,

333 2383 419 2454 Hinc
438 2402 532 2474 atque
549 2382 637 2468 hinc,
662 2405 858 2475 omnemque
877 2382 998 2456 aditum
1016 2385 1151 2458 custode
1169 2409 1345 2460 coronant.

333 2521 497 2594 Omnibus
514 2521 601 2592 idem
619 2520 736 2592 ardor:
754 2523 938 2613 perturbant
957 2526 1083 2594 eminus
1100 2524 1231 2597 hostem
1250 2548 1259 2595 ε

331 2663 497 2732 Postremo
516 2660 744 2753 ardentemque
761 2662 875 2749 oculis,
896 2665 1074 2755 animisque
1093 2663 1290 2736 frementem

331 2798 489 2870 Cominus
507 2798 661 2871 invadunt
682 2821 690 2869 ε
711 2800 853 2872 condunt
872 2802 906 2871 in
924 2802 1045 2871 viscera
1062 2799 1195 2888 sermm,
1349 2820 1372 2917 χ

332 2941 496 3025 Sternunt,
517 2959 549 3010 et
567 2962 698 3030 poenam
716 2940 869 3012 scelerato
887 2964 926 3011 ex
948 2943 1104 3032 sanguine
1122 2963 1268 3015 sumunt.

332 3079 528 3167 Purpuream
545 3079 648 3149 vomit
666 3078 718 3148 ille
737 3082 876 3150 animam
897 3102 905 3150 t
927 3103 1002 3151 cum
1021 3081 1175 3172 sanguine
1192 3085 1288 3154 mista

332 3212 415 3281 Vina
433 3210 527 3284 refert
544 3202 698 3300 moriens,
720 3239 818 3307 seque
837 3218 871 3285 in
888 3239 945 3287 sua
963 3216 1094 3287 vulnera
1111 3237 1215 3290 versat
1235 3241 1245 3288 ε

331 3349 468 3441 Vitaque
485 3372 561 3420 curn
579 3353 700 3441 gemitu
716 3351 797 3443 fugit
815 3352 977 3444 indignata
994 3352 1053 3423 sub
1075 3353 1216 3426 umbras.

418 3489 491 3560 Istic
510 3510 596 3557 nunc
615 3487 786 3559 metuende
805 3490 884 3579 jace.
906 3491 983 3606 Non
1001 3509 1033 3560 te
1051 3493 1173 3582 optima
1191 3513 1295 3567 mater

330 3628 459 3702 Condet
477 3627 580 3712 humi,
601 3629 744 3718 patriove
762 3626 906 3698 onerabit
924 3627 1068 3700 membra
1087 3630 1269 3722 sepulchro.

329 3767 467 3839 Alitibus
485 3767 629 3857 linquere
649 3762 734 3880 feris,
756 3786 810 3837 aut
825 3768 950 3858 gurgite
968 3789 1109 3838 mersum

330 3906 424 3978 Unda
441 3905 533 3991 feret,
552 3905 717 3996 piscesque
736 3904 862 3995 impasti
880 3904 1011 3976 vulnera
1028 3906 1182 3980 lambent.

417 4042 527 4113 Militis
546 4040 615 4112 haec
632 4038 706 4110 finis
724 4038 874 4127 fatorum,
894 4041 947 4112 hic
966 4044 1067 4114 exitus
1084 4048 1158 4116 aevi.

328 4181 425 4263 Nunc
443 4198 604 4256 exercetur
622 4180 740 4269 poenis,
762 4199 969 4275 veterumque
988 4181 1145 4255 malorum
1196 4212 1205 4221 ·
