3038 5204
676 516 850 586 -„..

345 700 514 806 Sagacibus
533 721 661 791 captans
681 700 814 770 odorem
833 699 960 769 naribus
982 726 989 768 :

255 839 337 908 Puto
357 862 499 937 quoque,
520 858 574 908 ant
593 840 675 924 ictis,
695 841 867 923 viverrave,
884 857 915 907 et
934 836 996 908 hoc
1013 859 1113 928 genus
1130 860 1228 906 omne

343 978 510 1049 Cuniculis
529 979 597 1068 ipsa
616 977 724 1048 indole
743 978 998 1061 infestissimum,

255 1112 436 1183 Multifores
455 1115 550 1185 intrat
567 1113 734 1204 speluncas
754 1138 762 1183 t
784 1117 911 1205 agmina
927 1114 1043 1199 turbat,

342 1253 382 1324 Et
398 1251 497 1322 densa
515 1254 600 1343 cogit
618 1254 766 1322 cursitare
785 1254 819 1322 in
840 1254 929 1323 retia.
996 1350 998 1354 v

710 1437 815 1506 Srum.

430 1612 531 1683 Simia
546 1612 673 1684 incultis
690 1611 800 1702 Libyae
817 1610 980 1713 Indiaeqne

429 1748 596 1821 Montibus
613 1749 729 1841 gaudet
748 1775 756 1821 :
777 1751 897 1835 foveas,
919 1773 1071 1832 recessus,

429 1889 570 1979 Rupium
587 1891 695 1976 rimas,
718 1887 862 1973 latebras,
883 1912 981 1980 opaca

827 2029 985 2109 Quaeritat
1003 2046 1103 2096 antra.

332 2160 339 2174 ’
412 2166 585 2271 ,ΕΙυῃίδιιε
602 2171 683 2239 tritis
700 2169 818 2258 glabra,
840 2187 948 2258 aperta
966 2166 1040 2237 culo
1059 2183 1130 2236 est:

427 2304 522 2376 Unde
539 2330 721 2398 cognomen
740 2308 821 2379 bene
839 2326 931 2378 nacta
949 2306 1051 2376 clunae
1060 2331 1071 2391 ;

428 2441 529 2523 Quod
546 2463 634 2515 nates
652 2444 752 2517 cauda
768 2462 1043 2534 vacuae'tegantut

824 2581 984 2671 Tegmine
1003 2577 1105 2647 nullo.

426 2715 574 2785 Cernitur
591 2718 742 2788 membris
761 2719 929 2790 hominem
946 2716 1060 2786 referre

330 2849 331 2852 '
426 2853 586 2939 Plurimis,
606 2856 710 2941 vultu,
731 2854 845 2947 digito,
866 2881 977 2940 manu,
1000 2879 1087 2940 aure,

426 2992 523 3078 Nare,
544 2992 713 3084 palpebris,
733 2996 865 3086 aliisque
883 3016 952 3066 toto

826 3134 969 3223 Corpore
987 3136 1098 3222 signis.

426 3270 528 3338 Mima
546 3293 623 3339 mox
641 3292 748 3339 mores
766 3271 937 3340 hominum
956 3269 1133 3340 aemulatur.

427 3409 513 3488 Quae
531 3409 618 3478 videt
637 3407 736 3477 solers
753 3408 860 3478 studet
880 3411 1014 3498 experiri
1036 3429 1044 3476 :

427 3546 569 3632 Mobilis,
590 3547 696 3630 velox,
716 3549 778 3618 cita
797 3567 829 3616 et
846 3567 974 3618 actuosa

824 3686 1048 3756 Gesticulatur.

426 3823 604 3919 Plurimum
621 3843 714 3912 gustu
733 3823 816 3894 valet
835 3844 866 3894 et
884 3824 989 3914 palato
1011 3851 1019 3893 :

426 3963 575 4031 Vescitur
592 3966 711 4052 pomis,
735 3963 870 4034 nucibus
888 3964 1024 4035 libenter
1045 3991 1053 4034 ε

428 4101 532 4169 Suave
552 4122 636 4173 amat
654 4105 778 4187 vinum,
800 4104 1042 4197 jocularitetqne

823 4240 918 4311 Ebria
934 4244 1035 4313 saltat.
