3038 5204
535 528 710 596 ..29-

114 717 186 786 Fert
204 718 314 785 animo
324 741 334 800 3
355 715 486 784 ulterius
504 737 580 785 vero
599 734 723 804 portate
741 733 875 784 recusat.

113 853 236 924 Audaci
254 853 356 925 tendit
373 877 499 944 pugnax
517 855 551 921 in
570 853 677 943 praelia
694 877 820 943 gressu:

113 990 290 1060 Horrendis
307 993 384 1060 irata
403 989 508 1059 modis
527 988 700 1080 stridetque
719 989 899 1080 fremitque.

112 1126 257 1197 Naturali
274 1129 309 1195 in
328 1148 428 1217 equos
447 1127 523 1197 odio
541 1128 607 1196 fera
624 1147 656 1198 et
673 1151 781 1217 aspera
800 1129 902 1196 saevit.

112 1265 205 1335 Clam
224 1267 300 1349 coit,
322 1284 353 1335 et
371 1265 504 1337 latebras
522 1265 561 1336 ad
580 1290 662 1357 opus
679 1268 806 1336 veneris
823 1264 882 1335 sibi
901 1267 1014 1355 quaerit
1034 1289 1042 1334 ε

111 1405 335 1495 Incestumque
354 1404 436 1494 fugit
455 1428 529 1473 cum
547 1425 660 1490 matre,
681 1429 802 1488 sorore,
822 1401 1005 1473 nefandum.

112 1541 308 1614 Condiscant
328 1543 476 1613 homines
495 1546 572 1614 casti
591 1543 738 1634 exemplo
758 1568 826 1613 esse
844 1541 969 1616 cameli.

349 1735 571 1818 Rhinoceros,
594 1737 660 1804 sive
679 1735 889 1806 Nrnrconurs.

111 1925 311 1995 Rhinoceros
329 1926 431 1995 forma
449 1928 593 2017 rictuque
611 1925 792 1995 simillimus
811 1948 899 2015 apr0,

111 2065 220 2134 Cornu
240 2067 396 2150 munitus,
418 2067 552 2134 summis
571 2063 658 2157 quod
676 2062 803 2134 naribus
821 2082 932 2148 exstat,

111 2203 231 2274 Contra
252 2202 378 2273 hostem
393 2202 482 2272 fortis
499 2202 735 2294 vehemensque
754 2205 788 2271 in
807 2203 914 2294 praelia
931 2201 1045 2272 tendit.

110 2343 177 2424 Est,
200 2339 359 2430 elephanti
377 2343 487 2424 instar,
509 2364 684 2432 permagno
702 2363 832 2429 corpore
851 2339 978 2430 longus,

96 2480 263 2550 'Cruribus
282 2500 313 2550 at
332 2480 456 2550 brevior
476 2505 484 2549 :
506 2483 617 2551 crustis
636 2503 829 2571 squamaque
848 2479 1005 2569 frequenti

109 2621 315 2710 Compactus‚
336 2620 438 2710 jaculo
459 2641 513 2690 aut
531 2619 629 2690 hastae
647 2621 699 2689 vix
717 2619 843 2709 pervius
862 2616 929 2686 ulli.
1038 2614 1043 2621 ’

108 2757 228 2827 Contra
246 2757 450 2848 elephantum
469 2758 596 2828 hostem
621 2758 847 2841 decertaturus,
870 2774 998 2825 acutum

107 2895 160 2966 Ad
177 2921 288 2966 saxum
304 2897 393 2968 limat
411 2898 574 2989 praelonga
592 2896 723 2987 cuspide
742 2920 843 2967 cornu
863 2919 871 2963 ε

107 3034 187 3100 Mox
204 3034 283 3122 petit
301 3033 462 3119 hostilem,
485 3058 546 3125 qua
565 3054 653 3124 parte
672 3055 719 3104 est
738 3034 878 3117 mollior,
899 3031 1015 3116 alvum,

107 3174 147 3243 Et
165 3173 269 3242 valido
287 3172 384 3257 laedit,
406 3173 566 3265 discerpit,
587 3174 725 3264 perforat
744 3176 820 3243 ictu.

359 3368 580 3452 Mouocntos,
598 3369 664 3437 sive
684 3367 871 3437 Umconuu

104 3558 137 3626 A
155 3578 254 3627 cornu
275 3557 380 3627 media
400 3558 486 3649 quod
503 3559 606 3630 fronte
625 3581 684 3645 est,
707 3560 821 3632 dicitur
840 3561 913 3629 uni-

105 3718 219 3790 cornu,
240 3714 271 3764 et
289 3694 375 3764 idem
394 3695 507 3766 cubitis
527 3699 615 3767 aiunt
633 3718 737 3767 extare
756 3696 891 3767 duobus.

104 3830 271 3901 Montibus
289 3834 323 3901 in
342 3835 477 3901 summis
494 3832 648 3903 Indorum
668 3855 699 3906 et
718 3834 849 3925 rupibus
870 3856 962 3920 errat,

103 3969 215 4040 Bellua
233 3995 327 4054 saeva,
347 3995 405 4039 suo
422 3974 530 4060 generi
548 3972 772 4057 infensissima,
794 3975 922 4063 quosvis

100 4109 232 4197 Impetit
250 4107 366 4178 infesto
386 4132 497 4196 cornu,
519 4110 614 4195 calce,
636 4134 704 4196 ore,
724 4112 878 4203 gregales.

100 4247 228 4336 Corpus
246 4248 333 4336 equi,
353 4250 501 4338 cervique
518 4267 623 4340 caput,
644 4248 840 4341 caudamque
859 4249 953 4321 habet
978 4253 1044 4340 apri
1065 4274 1073 4318 :
