3038 5204
282 975 390 1045 Mulus
407 974 537 1045 clitellas
555 974 743 1064 plerumque
762 992 795 1042 et
812 974 961 1064 ephippia
978 996 1091 1065 gestat,

280 1116 328 1184 Ex
344 1137 426 1205 equa
443 1133 475 1183 et
492 1137 532 1182 ex
548 1114 651 1196 asino,
670 1131 780 1182 natura
797 1134 961 1203 operante,
980 1135 1118 1200 creatus,

279 1254 364 1322 Hinc
381 1253 545 1342 utriusque
562 1250 657 1320 refert
672 1249 809 1321 formam
826 1275 997 1344 moresque
1014 1256 1168 1344 parentis.

278 1394 333 1463 Est
350 1393 438 1464 lento
456 1391 564 1463 tardus
580 1416 703 1483 gressu,
723 1391 780 1461 sed
797 1392 917 1463 viribus
937 1397 1051 1485 ingens
1071 1421 1081 1466 t

278 1529 390 1601 Pando
407 1550 512 1622 portat
529 1553 623 1613 onus,
643 1549 800 1620 quantum
818 1533 867 1599 vis
884 1553 1058 1621 praegrave,
1078 1530 1178 1602 dorso
1199 1558 1209 1602 t

275 1672 360 1740 Arva
374 1672 470 1740 etiam
488 1668 601 1739 solitus
619 1665 782 1758 quondam
800 1667 1007 1758 proscindere
1029 1689 1145 1740 aratro.

275 1808 452 1898 Longaevus
469 1807 548 1876 vivit
569 1828 577 1872 :
598 1801 655 1873 sed
674 1802 830 1873 odorandi
848 1807 923 1895 quia
941 1805 1042 1895 pollet

274 1945 389 2029 Sensu,
409 1943 556 2035 pestifera
573 1942 664 2012 facile
683 1946 763 2012 aeris
780 1943 921 2015 inficitur
937 1949 990 2031 vi;

271 2085 378 2174 Atque
395 2085 564 2152 immatura
581 2105 815 2175 nonnunquam
833 2106 936 2156 morte
954 2087 1085 2159 recedit.

537 2323 681 2396 Ousonn
698 2329 730 2396 &
747 2327 878 2398 Lsuuro
895 2349 1027 2398 nunnus.

273 2540 385 2613 Graeca
401 2565 520 2634 onager
537 2545 672 2633 sumpsit
690 2545 745 2634 qui
764 2543 913 2614 Graecum
931 2544 970 2613 ab
993 2545 1119 2635 origine
1139 2570 1273 2630 nomen,

273 2683 312 2751 Et
328 2680 431 2751 dictus
448 2682 558 2765 Latiis,
577 2683 682 2750 asinus
700 2681 855 2766 silvester,
876 2686 1005 2773 agrestis
1027 2709 1035 2752 :

271 2820 309 2888 In
327 2811 436 2887 calidis'
453 2820 551 2888 vitam
567 2816 654 2908 degit
672 2817 878 2909 regionibus3
896 2838 990 2910 atque

271 2954 379 3037 Laetis,
397 2977 474 3043 quas
492 2953 586 3022 tellus
605 2952 664 3022 fert
682 2952 785 3039 dives,
804 2958 943 3044 pascitur
961 2956 1079 3026 herbis.

271 3091 361 3158 Dum
378 3109 468 3159 tener
485 3110 534 3160 est
551 3089 667 3180 pullus,
688 3115 872 3185 nomenque
890 3094 1005 3180 lalisio,
1026 3115 1140 3181 servat,

270 3228 395 3299 Dicitur
412 3251 480 3298 esse
499 3227 586 3314 boni,
608 3249 729 3315 coctus,
750 3234 892 3324 gratique
909 3235 1029 3323 saporis
1051 3260 1058 3302 :

269 3371 313 3439 At
331 3371 438 3439 senior
455 3370 568 3454 factus,
589 3369 757 3440 stomacho
774 3371 900 3441 fastidia
917 3373 1031 3463 gignit.

490 3613 618 3685 Hnntus
636 3635 703 3684 srvn
721 3615 878 3686 H1uunos
896 3619 928 3686 &
946 3617 1072 3686 Bunoo.

271 3817 415 3889 Pumilus
433 3844 471 3890 ex
490 3844 574 3912 equo
592 3840 624 3892 et
642 3846 681 3892 ex
699 3825 787 3893 asina
805 3825 1006 3915 progignitur
1024 3823 1141 3894 hinnus
1161 3851 1169 3894 ε

269 3954 348 4025 Inde
366 3954 447 4026 solet
465 3979 579 4041 nanus,
601 3955 807 4050 bigenerque,
830 3960 1012 4052 nothusque
1031 3963 1149 4031 vocari.

268 4095 331 4164 Hic
351 4096 540 4188 plerumque
557 4099 666 4182 asinae,
688 4098 743 4168 sed
763 4102 836 4191 equi
856 4099 916 4171 fert
935 4100 1036 4171 burdo
1055 4101 1192 4193 figuram
1212 4128 1222 4171 t

267 4235 313 4302 Ex
331 4259 415 4327 equo
434 4256 466 4307 et
484 4261 523 4306 ex
540 4239 627 4308 asina
645 4262 746 4329 quum
764 4241 805 4310 sit
824 4260 990 4331 generatus
1007 4261 1154 4334 uterque.
