3038 5204
623 487 824 554 ..124-

635 669 806 740 smmm.

492 790 652 883 (SapIent.
673 790 755 883 Cap.
777 789 864 863 XIII.
891 789 939 880 ι.)

208 972 291 1042 Vani
309 991 382 1043 sunt
402 969 517 1062 quibus
540 988 588 1041 est
606 971 716 1060 ignota
733 969 878 1055 scientia,
898 990 1066 1040 summum

293 1100 369 1182 Qua
387 1119 534 1188 noscant,
553 1120 585 1172 et
603 1118 724 1186 ament,
746 1101 805 1172 rite
828 1098 998 1192 celantque
1015 1100 1135 1172 Deum.

599 1292 839 1364 Founnunmn.

466 1415 517 1506 (2.
538 1414 672 1505 Paralip.
694 1412 775 1506 Cap.
795 1412 884 1484 XVI.
907 1411 962 1501 9.)

200 1607 334 1679 Terram
352 1604 455 1677 oculis
472 1603 534 1674 late
553 1604 714 1675 Dominus
734 1601 949 1694 circumspicit
968 1623 1104 1672 omnem
1125 1620 1132 1669 :

286 1745 523 1835 credentesque
541 1745 575 1813 in
593 1766 669 1814 eum
687 1741 822 1813 numine
840 1737 1002 1812 fortificat.

628 1932 787 2004 Pmunuts.

464 2057 514 2146 (1.
535 2054 681 2128 Timoth.
702 2055 783 2147 Cap.
804 2055 873 2126 IIII.
895 2053 948 2144 8.)

197 2234 292 2306 Utilis
310 2231 350 2304 ad
368 2249 481 2304 cuncta
499 2249 548 2303 est
565 2233 663 2322 pietas
687 2250 694 2300 ε
715 2230 887 2320 promissio
905 2230 978 2300 vitae

284 2371 368 2455 Quae
385 2393 471 2443 nunc
487 2389 536 2442 est
553 2389 585 2441 et
605 2369 676 2454 erit,
698 2391 773 2441 cum
790 2368 906 2459 pietate
925 2367 1024 2457 viget.
1112 2394 1119 2407 ·

557 2559 696 2632 Tmolus
718 2562 857 2634 Donnu.

481 2678 679 2771 (Ecclesiast.
700 2680 781 2773 Cap.
802 2680 828 2751 Ι.
853 2678 924 2769 12.)

194 2877 260 2948 Cor
278 2876 446 2949 delectabit
464 2877 600 2948 Domini
619 2877 729 2959 timor,
751 2891 845 2964 atque
861 2871 986 2942 dietum

122 2983 125 2991 ’
279 3015 363 3086 Vitae
382 3014 506 3087 homini
525 3015 676 3106 spatium,
696 3011 903 3101 laetitiamque
922 3007 1021 3079 dabit.

631 3195 773 3215 u*—

585 3321 811 3393 TEMPLUM.
906 3401 908 3404 y

188 3501 243 3573 Est
260 3500 351 3572 locus
370 3502 429 3572 iste
448 3523 545 3586 sacer,
567 3520 712 3574 sanctum
730 3524 762 3575 et
779 3503 958 3575 venerabile
976 3503 1146 3596 templum,

274 3640 463 3731 AEternique
480 3637 608 3727 domus,
628 3665 695 3714 non
715 3642 910 3729 temeranda,
932 3643 1005 3715 Dei.

185 3775 322 3869 Relligio
340 3797 372 3850 et
389 3773 489 3869 pietes
508 3777 561 3849 hic
579 3799 785 3870 puramente
805 3754 962 3854 colantur.

271 3913 342 3986 Sint
358 3916 451 4001 risus,
472 3939 577 4008 nugae,
598 3915 693 3989 verba
711 3919 853 4009 profana,
875 3919 998 4010 procul.

182 4053 272 4128 Vana
290 4061 484 4151 superstitIo,
505 4083 713 4153 perversaque
733 4063 909 4155 hypocrisis
929 4060 1033 4132 absint
1055 4082 1062 4131 :

270 4193 362 4267 Absit
381 4217 513 4270 terrenae
532 4200 715 4273 sollicitudo
738 4206 797 4273 rei.
